Fecha / Hora Mov.;Concepto;Importe;Comentarios;Saldo Parcial
31/01/2023;REG.REC.SIRCREB;-14560.00;;39566166.51
31/01/2023;GRAVAMEN LEY 25413 S/CRED;-203.93;;39565962.58
31/01/2023;REG.REC.SIRCREB;-475.83;;39565486.75
31/01/2023;GRAVAMEN LEY 25413 S/CRED;-245.21;;39565241.54
31/01/2023;REG.REC.SIRCREB;-572.15;;39564669.39
31/01/2023;GRAVAMEN LEY 25413 S/CRED;-1027.76;;39563641.63
31/01/2023;REG.REC.SIRCREB;-2398.11;;39561243.52
31/01/2023;GRAVAMEN LEY 25413 S/CRED;-109.67;;39561133.85
31/01/2023;REG.REC.SIRCREB;-255.89;;39560877.96
31/01/2023;GRAVAMEN LEY 25413 S/CRED;-90.75;;39560787.21
31/01/2023;REG.REC.SIRCREB;-211.75;;39560575.46
31/01/2023;GRAVAMEN LEY 25413 S/CRED;-77.32;;39560498.14
31/01/2023;REG.REC.SIRCREB;-180.40;;39560317.74
31/01/2023;GRAVAMEN LEY 25413 S/CRED;-73.10;;39560244.64
31/01/2023;REG.REC.SIRCREB;-170.58;;39560074.06
31/01/2023;GRAVAMEN LEY 25413 S/CRED;-95.89;;39559978.17
31/01/2023;REG.REC.SIRCREB;-223.73;;39559754.44
31/01/2023;GRAVAMEN LEY 25413 S/CRED;-661.08;;39559093.36
31/01/2023;REG.REC.SIRCREB;-1542.52;;39557550.84
31/01/2023;GRAVAMEN LEY 25413 S/CRED;-85.65;;39557465.19
31/01/2023;REG.REC.SIRCREB;-199.85;;39557265.34
31/01/2023;GRAVAMEN LEY 25413 S/CRED;-107.20;;39557158.14
31/01/2023;REG.REC.SIRCREB;-250.12;;39556908.02
31/01/2023;GRAVAMEN LEY 25413 S/CRED;-147.16;;39556760.86
31/01/2023;REG.REC.SIRCREB;-343.37;;39556417.49
31/01/2023;GRAVAMEN LEY 25413 S/CRED;-95.26;;39556322.23
31/01/2023;REG.REC.SIRCREB;-222.28;;39556099.95
31/01/2023;GRAVAMEN LEY 25413 S/DEB;-3649.92;;39552450.03
31/01/2023;GRAVAMEN LEY 25413 S/CRED;-69.50;;39552380.53
31/01/2023;GRAVAMEN LEY 25413 S/CRED;-134.40;;39609800.70
31/01/2023;REG.REC.SIRCREB;-313.60;;39609487.10
31/01/2023;GRAVAMEN LEY 25413 S/CRED;-99.85;;39609387.25
31/01/2023;REG.REC.SIRCREB;-232.99;;39609154.26
31/01/2023;REG.REC.SIRCREB;-454.06;;39535929.52
31/01/2023;GRAVAMEN LEY 25413 S/CRED;-34.14;;39535895.38
31/01/2023;REG.REC.SIRCREB;-79.66;;39535815.72
31/01/2023;GRAVAMEN LEY 25413 S/CRED;-129.16;;39535686.56
31/01/2023;REG.REC.SIRCREB;-301.38;;39535385.18
31/01/2023;GRAVAMEN LEY 25413 S/CRED;-1088.68;;39534296.50
31/01/2023;REG.REC.SIRCREB;-2540.25;;39531756.25
31/01/2023;GRAVAMEN LEY 25413 S/CRED;-100.98;;39531655.27
31/01/2023;REG.REC.SIRCREB;-235.61;;39531419.66
31/01/2023;GRAVAMEN LEY 25413 S/CRED;-6157.32;;39602996.94
31/01/2023;GRAVAMEN LEY 25413 S/CRED;-442.38;;39530977.28
31/01/2023;REG.REC.SIRCREB;-1032.22;;39529945.06
31/01/2023;GRAVAMEN LEY 25413 S/CRED;-710.79;;39529234.27
31/01/2023;REG.REC.SIRCREB;-1658.51;;39527575.76
31/01/2023;GRAVAMEN LEY 25413 S/CRED;-264.17;;39527311.59
31/01/2023;REG.REC.SIRCREB;-616.39;;39526695.20
31/01/2023;GRAVAMEN LEY 25413 S/DEB;-5875.95;;39520819.25
31/01/2023;GRAVAMEN LEY 25413 S/DEB;-210.00;;39520609.25
31/01/2023;GRAVAMEN LEY 25413 S/CRED;-62.55;;39520546.70
31/01/2023;REG.REC.SIRCREB;-145.94;;39520400.76
31/01/2023;GRAVAMEN LEY 25413 S/CRED;-206.55;;39520194.21
31/01/2023;REG.REC.SIRCREB;-481.94;;39519712.27
31/01/2023;GRAVAMEN LEY 25413 S/DEB;-1.63;;39519710.64
31/01/2023;GRAVAMEN LEY 25413 S/DEB;-1.75;;39519708.89
31/01/2023;GRAVAMEN LEY 25413 S/DEB;-3.92;;39519704.97
31/01/2023;GRAVAMEN LEY 25413 S/DEB;-2.05;;39519702.92
31/01/2023;GRAVAMEN LEY 25413 S/DEB;-0.22;;39519702.70
31/01/2023;GRAVAMEN LEY 25413 S/DEB;-2.30;;39519700.40
31/01/2023;GRAVAMEN LEY 25413 S/DEB;-1.88;;39519698.52
31/01/2023;GRAVAMEN LEY 25413 S/DEB;-1.40;;39519697.12
31/01/2023;GRAVAMEN LEY 25413 S/DEB;-86.20;;39519610.92
31/01/2023;GRAVAMEN LEY 25413 S/DEB;-2.25;;39519608.67
31/01/2023;GRAVAMEN LEY 25413 S/DEB;-1.45;;39519607.22
31/01/2023;GRAVAMEN LEY 25413 S/DEB;-3.29;;39519603.93
31/01/2023;GRAVAMEN LEY 25413 S/DEB;-87.36;;39519516.57
31/01/2023;GRAVAMEN LEY 25413 S/DEB;-2.85;;39519513.72
31/01/2023;GRAVAMEN LEY 25413 S/DEB;-3.43;;39519510.29
31/01/2023;GRAVAMEN LEY 25413 S/DEB;-14.39;;39519495.90
31/01/2023;GRAVAMEN LEY 25413 S/DEB;-1.54;;39519494.36
31/01/2023;GRAVAMEN LEY 25413 S/DEB;-1.27;;39519493.09
31/01/2023;GRAVAMEN LEY 25413 S/DEB;-1.08;;39519492.01
31/01/2023;GRAVAMEN LEY 25413 S/DEB;-1.02;;39519490.99
31/01/2023;GRAVAMEN LEY 25413 S/DEB;-1.34;;39519489.65
31/01/2023;GRAVAMEN LEY 25413 S/DEB;-9.26;;39519480.39
31/01/2023;GRAVAMEN LEY 25413 S/DEB;-1.20;;39519479.19
31/01/2023;GRAVAMEN LEY 25413 S/DEB;-1.50;;39519477.69
31/01/2023;GRAVAMEN LEY 25413 S/DEB;-2.06;;39519475.63
31/01/2023;GRAVAMEN LEY 25413 S/DEB;-1.33;;39519474.30
31/01/2023;GRAVAMEN LEY 25413 S/DEB;-0.97;;39519473.33
31/01/2023;GRAVAMEN LEY 25413 S/DEB;-1.25;;39519472.08
31/01/2023;GRAVAMEN LEY 25413 S/DEB;-10.94;;39519461.14
31/01/2023;GRAVAMEN LEY 25413 S/DEB;-3.17;;39519457.97
31/01/2023;REG.REC.SIRCREB;-14367.08;;39588629.86
31/01/2023;GRAVAMEN LEY 25413 S/CRED;-160.52;;39588469.34
31/01/2023;REG.REC.SIRCREB;-374.54;;39588094.80
31/01/2023;GRAVAMEN LEY 25413 S/CRED;-103.35;;39587991.45
31/01/2023;REG.REC.SIRCREB;-241.14;;39587750.31
31/01/2023;GRAVAMEN LEY 25413 S/CRED;-235.14;;39587515.17
31/01/2023;REG.REC.SIRCREB;-548.66;;39586966.51
31/01/2023;GRAVAMEN LEY 25413 S/CRED;-6240.00;;39580726.51
31/01/2023;GRAVAMEN LEY 25413 S/DEB;-12193.85;;39612761.90
31/01/2023;GRAVAMEN LEY 25413 S/CRED;-116.62;;39612645.28
31/01/2023;REG.REC.SIRCREB;-272.10;;39612373.18
31/01/2023;GRAVAMEN LEY 25413 S/CRED;-124.96;;39612248.22
31/01/2023;GRAVAMEN LEY 25413 S/DEB;-2.24;;39519445.73
31/01/2023;GRAVAMEN LEY 25413 S/DEB;-1.25;;39519444.48
31/01/2023;GRAVAMEN LEY 25413 S/DEB;-12.17;;39519432.31
31/01/2023;GRAVAMEN LEY 25413 S/DEB;-4.61;;39519427.70
31/01/2023;GRAVAMEN LEY 25413 S/DEB;-1.23;;39519426.47
31/01/2023;GRAVAMEN LEY 25413 S/DEB;-3.01;;39519423.46
31/01/2023;GRAVAMEN LEY 25413 S/DEB;-1.22;;39519422.24
31/01/2023;GRAVAMEN LEY 25413 S/DEB;-1.37;;39519420.87
31/01/2023;GRAVAMEN LEY 25413 S/DEB;-2.72;;39519418.15
31/01/2023;GRAVAMEN LEY 25413 S/DEB;-0.48;;39519417.67
31/01/2023;GRAVAMEN LEY 25413 S/DEB;-1.81;;39519415.86
31/01/2023;GRAVAMEN LEY 25413 S/DEB;-15.24;;39519400.62
31/01/2023;GRAVAMEN LEY 25413 S/DEB;-1.41;;39519399.21
31/01/2023;GRAVAMEN LEY 25413 S/DEB;-6.19;;39519393.02
31/01/2023;GRAVAMEN LEY 25413 S/DEB;-9.95;;39519383.07
31/01/2023;GRAVAMEN LEY 25413 S/DEB;-3.70;;39519379.37
31/01/2023;GRAVAMEN LEY 25413 S/DEB;-0.88;;39519378.49
31/01/2023;GRAVAMEN LEY 25413 S/DEB;-2.89;;39519375.60
31/01/2023;REG.REC.SIRCREB;-291.58;;39611956.64
31/01/2023;GRAVAMEN LEY 25413 S/CRED;-279.93;;39611676.71
31/01/2023;REG.REC.SIRCREB;-653.17;;39611023.54
31/01/2023;GRAVAMEN LEY 25413 S/CRED;-146.54;;39610877.00
31/01/2023;REG.REC.SIRCREB;-341.92;;39610535.08
31/01/2023;GRAVAMEN LEY 25413 S/CRED;-15.47;;39610519.61
31/01/2023;REG.REC.SIRCREB;-36.11;;39610483.50
31/01/2023;REG.REC.SIRCREB;-162.18;;39552218.35
31/01/2023;GRAVAMEN LEY 25413 S/CRED;-89.41;;39552128.94
31/01/2023;REG.REC.SIRCREB;-208.63;;39551920.31
31/01/2023;GRAVAMEN LEY 25413 S/CRED;-781.62;;39551138.69
31/01/2023;REG.REC.SIRCREB;-1823.77;;39549314.92
31/01/2023;GRAVAMEN LEY 25413 S/CRED;-226.22;;39549088.70
31/01/2023;REG.REC.SIRCREB;-527.84;;39548560.86
31/01/2023;GRAVAMEN LEY 25413 S/CRED;-158.83;;39548402.03
31/01/2023;REG.REC.SIRCREB;-370.61;;39548031.42
31/01/2023;GRAVAMEN LEY 25413 S/CRED;-38.11;;39547993.31
31/01/2023;REG.REC.SIRCREB;-88.91;;39547904.40
31/01/2023;GRAVAMEN LEY 25413 S/CRED;-205.20;;39547699.20
31/01/2023;REG.REC.SIRCREB;-478.80;;39547220.40
31/01/2023;GRAVAMEN LEY 25413 S/CRED;-313.21;;39546907.19
31/01/2023;REG.REC.SIRCREB;-730.81;;39546176.38
31/01/2023;GRAVAMEN LEY 25413 S/DEB;-3145.34;;39543031.04
31/01/2023;GRAVAMEN LEY 25413 S/CRED;-159.99;;39542871.05
31/01/2023;REG.REC.SIRCREB;-373.31;;39542497.74
31/01/2023;GRAVAMEN LEY 25413 S/CRED;-88.98;;39542408.76
31/01/2023;REG.REC.SIRCREB;-207.62;;39542201.14
31/01/2023;GRAVAMEN LEY 25413 S/CRED;-869.47;;39541331.67
31/01/2023;REG.REC.SIRCREB;-2028.75;;39539302.92
31/01/2023;GRAVAMEN LEY 25413 S/CRED;-329.22;;39538973.70
31/01/2023;REG.REC.SIRCREB;-768.18;;39538205.52
31/01/2023;GRAVAMEN LEY 25413 S/CRED;-87.90;;39538117.62
31/01/2023;REG.REC.SIRCREB;-205.09;;39537912.53
31/01/2023;GRAVAMEN LEY 25413 S/CRED;-215.26;;39537697.27
31/01/2023;REG.REC.SIRCREB;-502.28;;39537194.99
31/01/2023;GRAVAMEN LEY 25413 S/CRED;-87.44;;39537107.55
31/01/2023;REG.REC.SIRCREB;-204.04;;39536903.51
31/01/2023;GRAVAMEN LEY 25413 S/CRED;-97.60;;39536805.91
31/01/2023;REG.REC.SIRCREB;-227.73;;39536578.18
31/01/2023;GRAVAMEN LEY 25413 S/CRED;-164.52;;39610318.98
31/01/2023;REG.REC.SIRCREB;-383.88;;39609935.10
31/01/2023;GRAVAMEN LEY 25413 S/CRED;-194.60;;39536383.58
31/01/2023;48HS. BANCOS    000238590;-2032308.60;;37669899.13
31/01/2023;TRANSF. VAR 27242150452;19436.00;;37689335.13
31/01/2023;TRANSF. VAR 23951099619;20827.00;;37710162.13
31/01/2023;TRANSF. VAR 20940074887;46655.00;;37756817.13
31/01/2023;TRANSF. VAR 20376948294;24423.00;;37781240.13
31/01/2023;TRANSF. VAR 20181246473;2579.00;;37783819.13
31/01/2023;TRANSF. VAR 20325885301;27420.00;;37811239.13
31/01/2023;TRANSF. VAR 20240937191;22400.00;;37833639.13
31/01/2023;GRAVAMEN LEY 25413 S/DEB;-2.22;;39519455.75
31/01/2023;TRANSF. VAR 27928875909;16642.09;;37850281.22
31/01/2023;DEP.EFVO.INTERS.         -SUC 3100;1026220.00;;38876501.22
31/01/2023;TRANSF. VAR 23943370184;26752.70;;38903253.92
31/01/2023;TRANSF. VAR 20356009062 CABEZAS JORGE LUIS;17224.23;;38920478.15
31/01/2023;TRANSF. VAR 27227480594;39190.00;;38959668.15
31/01/2023;DEP.EFECTIVO;1040000.00;;39999668.15
31/01/2023;TRANSF. VAR 20340513720;33988.00;;40033656.15
31/01/2023;TRANSF. VAR 27941054574;40868.00;;40074524.15
31/01/2023;TRANSF. FAC 27335783595 HUARACHI JUANA GRACIEL;171293.76;;40245817.91
31/01/2023;TRANSF. FAC 30708754877 PROSUR SA;10946.99;;40256764.90
31/01/2023;TRANSF. VAR 20174987182;18278.00;;40275042.90
31/01/2023;TRANSF. VAR 20291324607;15125.00;;40290167.90
31/01/2023;TRANSF. VAR 27161226950;12886.00;;40303053.90
31/01/2023;GRAVAMEN LEY 25413 S/DEB;-0.53;;39519455.22
31/01/2023;GRAVAMEN LEY 25413 S/DEB;-2.87;;39519452.35
31/01/2023;TRANSF. VAR 20364454857;12184.00;;40315237.90
31/01/2023;TRANSF. VAR 20931152719 CRUZ/FUENTES C;15981.00;;40331218.90
31/01/2023;TRANSF. 30715403524 MERCADOS PATAGONICOS S.R.L;110179.82;;40441398.72
31/01/2023;TRANSF. VAR 27228661827;14275.00;;40455673.72
31/01/2023;TRANSF. VAR 27272554043;17866.00;;40473539.72
31/01/2023;TRANSF. FAC 27315918664 LEPORI, CINTIA ANAHI;24526.75;;40498066.47
31/01/2023;TRANSF. VAR 27439488277;15877.40;;40513943.87
31/01/2023;TRANSF. FAC 30661383034;-608320.67;;39905623.20
31/01/2023;TRANSF. VAR 27947503826;11584.00;;39917207.20
31/01/2023;TRANSF. VAR 27380837973;14902.00;;39932109.20
31/01/2023;GRAVAMEN LEY 25413 S/DEB;-4.38;;39519447.97
31/01/2023;TRANSF. 30714752223 HUARACHI Y VASQUEZ S.H;130269.58;;40062378.78
31/01/2023;TRANSF. FAC 23169263639 KETTE JUAN CARLOS;37703.00;;40100081.78
31/01/2023;TRANSF. FAC 23243612349 OCHOA ADOLFO RAUL;27226.57;;40127308.35
31/01/2023;TRANSF. VAR 27343550842;26472.14;;40153780.49
31/01/2023;TRANSF. VAR 27299200073;6350.94;;40160131.43
31/01/2023;TRANSF. VAR 27960629707;34200.28;;40194331.71
31/01/2023;TRANSF. VAR 20274321912;52201.00;;40246532.71
31/01/2023;TRANSF. FAC 30661383034;-524224.01;;39722308.70
31/01/2023;TRANSF. VAR 27393552927;26665.00;;39748973.70
31/01/2023;TRANSF. VAR 27340494224;14830.00;;39763803.70
31/01/2023;TRANSF. VAR 27252249953;144911.00;;39908714.70
31/01/2023;TRANSF. VAR 27946435711;54870.00;;39963584.70
31/01/2023;TRANSF. VAR 27284146269 CHOROLQUE  ANDREA C;14649.33;;39978234.03
31/01/2023;TRANSF. VAR 20340513720;35877.00;;40014111.03
31/01/2023;TRANSF. VAR 27237891800;14574.00;;40028685.03
31/01/2023;TRANSF. VAR 27333765395;16266.43;;40044951.46
31/01/2023;TRANSF. FAC 20263505140 AIZA OSCAR HUGO;55332.00;;40100283.46
31/01/2023;TRANSF. VAR 20209857074;32433.19;;40132716.65
31/01/2023;TRANSF. VAR 20371728717;5690.00;;40138406.65
31/01/2023;TRANSF. VAR 27146673037;21527.00;;40159933.65
31/01/2023;TRANSF. VAR 20389358046;181446.34;;40341379.99
31/01/2023;TRANSF. FAC 27326947240 FARIAS  CRISTINA S;16829.39;;40358209.38
31/01/2023;TRANSF. VAR 27228661169 VAZQUEZ, ROSSANA CARIN;73730.12;;40431939.50
31/01/2023;TRANSF. VAR 27228661169 VAZQUEZ, ROSSANA CARIN;118464.83;;40550404.33
31/01/2023;TRANSF. VAR 20259482713;44028.00;;40594432.33
31/01/2023;DEB.TRAN.INTERB          -LINK;-979325.58;;39615106.75
31/01/2023;DEB.TRAN.INTERB          -LINK;-35000.00;;39580106.75
31/01/2023;TRANSF.INT.DIST.TITULAR  -LINK;10424.50;;39590531.25
31/01/2023;TRANSF. VAR 27427094389;34424.50;;39624955.75
30/01/2023;GRAVAMEN LEY 25413 S/DEB;-3.38;;39702618.91
30/01/2023;GRAVAMEN LEY 25413 S/DEB;-0.85;;39702618.06
30/01/2023;48HS. BANCOS    000238587;-2752697.90;;36089474.44
30/01/2023;GRAVAMEN LEY 25413 S/CRED;-435.56;;39801343.63
30/01/2023;REG.REC.SIRCREB;-1016.30;;39800327.33
30/01/2023;GRAVAMEN LEY 25413 S/CRED;-53.36;;39800273.97
30/01/2023;REG.REC.SIRCREB;-124.50;;39800149.47
30/01/2023;GRAVAMEN LEY 25413 S/CRED;-92.61;;39800056.86
30/01/2023;REG.REC.SIRCREB;-216.09;;39799840.77
30/01/2023;GRAVAMEN LEY 25413 S/CRED;-86.53;;39799754.24
30/01/2023;REG.REC.SIRCREB;-201.90;;39799552.34
30/01/2023;GRAVAMEN LEY 25413 S/CRED;-61.07;;39799491.27
30/01/2023;REG.REC.SIRCREB;-142.50;;39799348.77
30/01/2023;GRAVAMEN LEY 25413 S/CRED;-41.99;;39799306.78
30/01/2023;REG.REC.SIRCREB;-97.98;;39799208.80
30/01/2023;GRAVAMEN LEY 25413 S/DEB;-5890.21;;39793318.59
30/01/2023;GRAVAMEN LEY 25413 S/CRED;-180.58;;39793138.01
30/01/2023;REG.REC.SIRCREB;-421.36;;39792716.65
30/01/2023;GRAVAMEN LEY 25413 S/CRED;-678.80;;39792037.85
30/01/2023;REG.REC.SIRCREB;-1583.86;;39790453.99
30/01/2023;GRAVAMEN LEY 25413 S/CRED;-648.07;;39789805.92
30/01/2023;REG.REC.SIRCREB;-1512.15;;39788293.77
30/01/2023;GRAVAMEN LEY 25413 S/CRED;-182.21;;39788111.56
30/01/2023;REG.REC.SIRCREB;-425.17;;39787686.39
30/01/2023;GRAVAMEN LEY 25413 S/CRED;-42.44;;39787643.95
30/01/2023;REG.REC.SIRCREB;-99.02;;39787544.93
30/01/2023;GRAVAMEN LEY 25413 S/CRED;-325.53;;39787219.40
30/01/2023;REG.REC.SIRCREB;-759.57;;39786459.83
30/01/2023;GRAVAMEN LEY 25413 S/CRED;-1744.44;;39784715.39
30/01/2023;REG.REC.SIRCREB;-4070.36;;39780645.03
30/01/2023;GRAVAMEN LEY 25413 S/CRED;-17412.42;;39763232.61
30/01/2023;REG.REC.SIRCREB;-40628.98;;39722603.63
30/01/2023;GRAVAMEN LEY 25413 S/DEB;-2490.21;;39720113.42
30/01/2023;GRAVAMEN LEY 25413 S/CRED;-127.10;;39719986.32
30/01/2023;REG.REC.SIRCREB;-296.56;;39719689.76
30/01/2023;GRAVAMEN LEY 25413 S/CRED;-111.05;;39719578.71
30/01/2023;REG.REC.SIRCREB;-259.11;;39719319.60
30/01/2023;GRAVAMEN LEY 25413 S/CRED;-36.00;;39719283.60
30/01/2023;REG.REC.SIRCREB;-84.00;;39719199.60
30/01/2023;GRAVAMEN LEY 25413 S/CRED;-1179.27;;39718020.33
30/01/2023;REG.REC.SIRCREB;-2751.64;;39715268.69
30/01/2023;REG.REC.SIRCREB;-823.90;;39710970.21
30/01/2023;GRAVAMEN LEY 25413 S/CRED;-283.99;;39710686.22
30/01/2023;REG.REC.SIRCREB;-662.63;;39710023.59
30/01/2023;GRAVAMEN LEY 25413 S/DEB;-3349.47;;39706674.12
30/01/2023;GRAVAMEN LEY 25413 S/CRED;-1200.00;;39705474.12
30/01/2023;REG.REC.SIRCREB;-2800.00;;39702674.12
30/01/2023;GRAVAMEN LEY 25413 S/DEB;-0.49;;39702673.63
30/01/2023;GRAVAMEN LEY 25413 S/DEB;-2.50;;39702671.13
30/01/2023;GRAVAMEN LEY 25413 S/DEB;-2.52;;39702668.61
30/01/2023;GRAVAMEN LEY 25413 S/DEB;-8.30;;39702660.31
30/01/2023;GRAVAMEN LEY 25413 S/DEB;-5.54;;39702654.77
30/01/2023;GRAVAMEN LEY 25413 S/DEB;-8.43;;39702646.34
30/01/2023;GRAVAMEN LEY 25413 S/DEB;-1.41;;39702644.93
30/01/2023;GRAVAMEN LEY 25413 S/DEB;-0.66;;39702644.27
30/01/2023;GRAVAMEN LEY 25413 S/DEB;-2.52;;39702641.75
30/01/2023;GRAVAMEN LEY 25413 S/DEB;-4.46;;39702637.29
30/01/2023;GRAVAMEN LEY 25413 S/DEB;-0.19;;39702637.10
30/01/2023;GRAVAMEN LEY 25413 S/DEB;-1.19;;39702635.91
30/01/2023;GRAVAMEN LEY 25413 S/DEB;-1.56;;39702634.35
30/01/2023;GRAVAMEN LEY 25413 S/DEB;-0.29;;39702634.06
30/01/2023;GRAVAMEN LEY 25413 S/DEB;-0.94;;39702633.12
30/01/2023;GRAVAMEN LEY 25413 S/DEB;-0.50;;39702632.62
30/01/2023;GRAVAMEN LEY 25413 S/DEB;-1.33;;39702631.29
30/01/2023;GRAVAMEN LEY 25413 S/DEB;-5.76;;39702625.53
30/01/2023;GRAVAMEN LEY 25413 S/DEB;-2.07;;39702623.46
30/01/2023;GRAVAMEN LEY 25413 S/DEB;-1.17;;39702622.29
30/01/2023;TRANSF. VAR 20317960477;12492.00;;37284795.82
30/01/2023;TRANSF. VAR 27241428333;23663.00;;37308458.82
30/01/2023;TRANSF. VAR 20329546218;72593.00;;37381051.82
30/01/2023;TRANSF. VAR 27946162081;8892.55;;37389944.37
30/01/2023;TRANSF. VAR 23936887929;15434.76;;37405379.13
30/01/2023;TRANSF. VAR 23138239144;14421.57;;37419800.70
30/01/2023;TRANSF. VAR 20325783061;10178.39;;37429979.09
30/01/2023;TRANSF. VAR 20415276924;6998.52;;37436977.61
30/01/2023;TRANSF. FAC 30648060846;-981701.92;;36455275.69
30/01/2023;TRANSF. VAR 27958130770 LUSINDA APARICIO HUANC;30097.00;;36485372.69
30/01/2023;TRANSF. VAR 30714752223;113133.19;;36598505.88
30/01/2023;TRANSF. VAR 27145141880;108010.95;;36706516.83
30/01/2023;TRANSF. VAR 20380932815;30369.00;;36736885.83
30/01/2023;TRANSF. VAR 27261218742;7073.00;;36743958.83
30/01/2023;TRANSF. VAR 20190786499;54254.97;;36798213.80
30/01/2023;CR. TR. FACTURAS-FAC     -SUC 0001;290739.98;;37088953.78
30/01/2023;DEP.EFVO.INTERS.         -SUC 3100;2902070.00;;39991023.78
30/01/2023;TRANSF. FAC 30700238357;-415035.27;;39575988.51
30/01/2023;TRANSF. FAC 20263505140 AIZA OSCAR HUGO;4070.00;;40400920.55
30/01/2023;DEB.TRAN.INTERB          -LINK;-558245.49;;39842675.06
30/01/2023;TRANSF. FAC;200000.00;;40042675.06
30/01/2023;AJUSTE RED LINK;-200000.00;;39842675.06
30/01/2023;GRAVAMEN LEY 25413 S/DEB;-16516.19;;39826158.87
30/01/2023;GRAVAMEN LEY 25413 S/CRED;-35.25;;39826123.62
30/01/2023;REG.REC.SIRCREB;-82.25;;39826041.37
30/01/2023;GRAVAMEN LEY 25413 S/CRED;-178.75;;39825862.62
30/01/2023;REG.REC.SIRCREB;-417.09;;39825445.53
30/01/2023;GRAVAMEN LEY 25413 S/CRED;-180.00;;39825265.53
30/01/2023;REG.REC.SIRCREB;-420.00;;39824845.53
30/01/2023;GRAVAMEN LEY 25413 S/CRED;-593.14;;39824252.39
30/01/2023;REG.REC.SIRCREB;-1383.98;;39822868.41
30/01/2023;GRAVAMEN LEY 25413 S/CRED;-396.05;;39822472.36
30/01/2023;REG.REC.SIRCREB;-924.11;;39821548.25
30/01/2023;GRAVAMEN LEY 25413 S/CRED;-602.29;;39820945.96
30/01/2023;REG.REC.SIRCREB;-1405.35;;39819540.61
30/01/2023;GRAVAMEN LEY 25413 S/CRED;-100.84;;39819439.77
30/01/2023;REG.REC.SIRCREB;-235.30;;39819204.47
30/01/2023;GRAVAMEN LEY 25413 S/CRED;-47.44;;39819157.03
30/01/2023;REG.REC.SIRCREB;-110.68;;39819046.35
30/01/2023;GRAVAMEN LEY 25413 S/CRED;-179.97;;39818866.38
30/01/2023;REG.REC.SIRCREB;-419.94;;39818446.44
30/01/2023;GRAVAMEN LEY 25413 S/CRED;-318.38;;39818128.06
30/01/2023;REG.REC.SIRCREB;-742.88;;39817385.18
30/01/2023;GRAVAMEN LEY 25413 S/CRED;-13.76;;39817371.42
30/01/2023;REG.REC.SIRCREB;-32.12;;39817339.30
30/01/2023;TRANSF. VAR 20261218128;21182.80;;39597171.31
30/01/2023;GRAVAMEN LEY 25413 S/DEB;-707.78;;39714560.91
30/01/2023;GRAVAMEN LEY 25413 S/CRED;-108.34;;39714452.57
30/01/2023;REG.REC.SIRCREB;-252.80;;39714199.77
30/01/2023;GRAVAMEN LEY 25413 S/CRED;-29.29;;39714170.48
30/01/2023;REG.REC.SIRCREB;-68.33;;39714102.15
30/01/2023;GRAVAMEN LEY 25413 S/CRED;-32.24;;39714069.91
30/01/2023;REG.REC.SIRCREB;-75.22;;39713994.69
30/01/2023;GRAVAMEN LEY 25413 S/CRED;-247.07;;39713747.62
30/01/2023;REG.REC.SIRCREB;-576.51;;39713171.11
30/01/2023;GRAVAMEN LEY 25413 S/CRED;-61.01;;39713110.10
30/01/2023;REG.REC.SIRCREB;-142.35;;39712967.75
30/01/2023;GRAVAMEN LEY 25413 S/CRED;-246.16;;39712721.59
30/01/2023;REG.REC.SIRCREB;-574.38;;39712147.21
30/01/2023;GRAVAMEN LEY 25413 S/CRED;-353.10;;39711794.11
30/01/2023;GRAVAMEN LEY 25413 S/CRED;-74.95;;39802427.34
30/01/2023;REG.REC.SIRCREB;-174.89;;39802252.45
30/01/2023;GRAVAMEN LEY 25413 S/CRED;-141.98;;39802110.47
30/01/2023;REG.REC.SIRCREB;-331.28;;39801779.19
30/01/2023;GRAVAMEN LEY 25413 S/CRED;-111.67;;39816943.93
30/01/2023;REG.REC.SIRCREB;-260.57;;39816683.36
30/01/2023;GRAVAMEN LEY 25413 S/CRED;-20.70;;39816662.66
30/01/2023;REG.REC.SIRCREB;-48.30;;39816614.36
30/01/2023;GRAVAMEN LEY 25413 S/CRED;-67.03;;39816547.33
30/01/2023;REG.REC.SIRCREB;-156.39;;39816390.94
30/01/2023;GRAVAMEN LEY 25413 S/CRED;-36.00;;39816354.94
30/01/2023;REG.REC.SIRCREB;-84.00;;39816270.94
30/01/2023;GRAVAMEN LEY 25413 S/CRED;-94.89;;39816176.05
30/01/2023;REG.REC.SIRCREB;-221.41;;39815954.64
30/01/2023;GRAVAMEN LEY 25413 S/CRED;-411.13;;39815543.51
30/01/2023;REG.REC.SIRCREB;-959.31;;39814584.20
30/01/2023;GRAVAMEN LEY 25413 S/CRED;-148.01;;39814436.19
30/01/2023;REG.REC.SIRCREB;-345.35;;39814090.84
30/01/2023;GRAVAMEN LEY 25413 S/CRED;-83.41;;39814007.43
30/01/2023;REG.REC.SIRCREB;-194.63;;39813812.80
30/01/2023;GRAVAMEN LEY 25413 S/CRED;-241.16;;39813571.64
30/01/2023;REG.REC.SIRCREB;-562.70;;39813008.94
30/01/2023;GRAVAMEN LEY 25413 S/CRED;-60.71;;39812948.23
30/01/2023;REG.REC.SIRCREB;-141.67;;39812806.56
30/01/2023;GRAVAMEN LEY 25413 S/CRED;-138.82;;39812667.74
30/01/2023;REG.REC.SIRCREB;-323.92;;39812343.82
30/01/2023;GRAVAMEN LEY 25413 S/CRED;-305.23;;39812038.59
30/01/2023;REG.REC.SIRCREB;-712.19;;39811326.40
30/01/2023;GRAVAMEN LEY 25413 S/CRED;-169.65;;39811156.75
30/01/2023;REG.REC.SIRCREB;-395.85;;39810760.90
30/01/2023;GRAVAMEN LEY 25413 S/CRED;-92.64;;39810668.26
30/01/2023;REG.REC.SIRCREB;-216.16;;39810452.10
30/01/2023;GRAVAMEN LEY 25413 S/CRED;-51.12;;39810400.98
30/01/2023;REG.REC.SIRCREB;-119.27;;39810281.71
30/01/2023;GRAVAMEN LEY 25413 S/CRED;-1054.46;;39809227.25
30/01/2023;REG.REC.SIRCREB;-2460.41;;39806766.84
30/01/2023;GRAVAMEN LEY 25413 S/CRED;-467.03;;39806299.81
30/01/2023;REG.REC.SIRCREB;-1089.74;;39805210.07
30/01/2023;GRAVAMEN LEY 25413 S/CRED;-242.12;;39804967.95
30/01/2023;REG.REC.SIRCREB;-564.96;;39804402.99
30/01/2023;GRAVAMEN LEY 25413 S/CRED;-436.79;;39803966.20
30/01/2023;REG.REC.SIRCREB;-1019.19;;39802947.01
30/01/2023;GRAVAMEN LEY 25413 S/CRED;-133.42;;39802813.59
30/01/2023;REG.REC.SIRCREB;-311.30;;39802502.29
30/01/2023;TRANSF.INTER.MMO.TITULAR -BANE;200000.00;;40396850.55
30/01/2023;TRANSF. FAC 23169263639 KETTE JUAN CARLOS;53062.97;;36528159.12
30/01/2023;TRANSF. VAR 27161226950;2294.00;;36530453.12
30/01/2023;TRANSF. VAR 20274321912;14185.00;;36544638.12
30/01/2023;TRANSF. VAR 20943239518;18612.00;;36563250.12
30/01/2023;TRANSF. VAR 20219189770;3450.00;;36566700.12
30/01/2023;TRANSF. VAR 20314351763;11171.00;;36577871.12
30/01/2023;TRANSF. VAR 20149248839;6000.00;;36583871.12
30/01/2023;TRANSF. VAR 20380928788;15815.00;;36599686.12
30/01/2023;TRANSF. VAR 20380928788;68522.00;;36668208.12
30/01/2023;TRANSF. VAR 27428987182;24668.08;;36692876.20
30/01/2023;TRANSF. CUO 20369265424 GUTIERREZ, PEDRO JOSE;13902.00;;36706778.20
30/01/2023;TRANSF. FAC;40193.00;;36746971.20
30/01/2023;TRANSF. VAR 27237891800;10119.00;;36757090.20
30/01/2023;TRANSF. VAR 20243926905;23137.00;;36780227.20
30/01/2023;TRANSF. VAR 23293475229;50870.94;;36831098.14
30/01/2023;TRANSF. VAR 27272554043;28275.00;;36859373.14
30/01/2023;TRANSF. VAR 27227480594;15440.00;;36874813.14
30/01/2023;TRANSF. VAR 20235664608;8519.53;;36883332.67
30/01/2023;TRANSF. VAR 27335374849 WALTER MARIA KAREN;175743.62;;37059076.29
30/01/2023;TRANSF. 30715403524 MERCADOS PATAGONICOS S.R.L;77838.51;;37136914.80
30/01/2023;TRANSF. VAR 27146673037;40354.00;;37177268.80
30/01/2023;TRANSF. FAC 27940846566;72799.06;;37250067.86
30/01/2023;TRANSF. VAR 27928875909;22235.96;;37272303.82
30/01/2023;TRANSF. VAR 20413571368 BOUZAS, TOMAS JOSE;5874.97;;36095349.41
30/01/2023;TRANSF. VAR 27242150452;29792.00;;36125141.41
30/01/2023;TRANSF. VAR 27285294393;30000.00;;36155141.41
30/01/2023;TRANSF. VAR 23951099619;98856.00;;36253997.41
30/01/2023;TRANSF. VAR 20240937191;66008.00;;36320005.41
30/01/2023;TRANSF. VAR 27252249953;100382.00;;36420387.41
30/01/2023;TRANSF. VAR 27228661827;16807.00;;36437194.41
30/01/2023;TRANSF. VAR 20277707609;7906.00;;36445100.41
30/01/2023;GRAVAMEN LEY 25413 S/DEB;-1.94;;39702616.12
30/01/2023;GRAVAMEN LEY 25413 S/DEB;-4.27;;39702611.85
30/01/2023;GRAVAMEN LEY 25413 S/DEB;-2.38;;39702609.47
30/01/2023;TRANSF. VAR 27403242778;29995.74;;36475096.15
30/01/2023;GRAVAMEN LEY 25413 S/DEB;-1.30;;39702608.17
30/01/2023;TRANSF. VAR 20230397962 COLQUE, LUIS ALBERTO;18507.82;;39615679.13
30/01/2023;TRANSF. VAR 20261218128;6000.00;;39621679.13
30/01/2023;TRANSF. FAC;196545.69;;39818224.82
30/01/2023;TRANSF. FAC 30661383034;-117963.40;;39700261.42
30/01/2023;TRANSF. VAR 27396468293;18057.42;;39718318.84
30/01/2023;TRANSF. FAC 27281195722 PEREIRA ROSANA VALERIA;199245.93;;39917564.77
30/01/2023;TRANSF. FAC 20263505140 AIZA OSCAR HUGO;70477.00;;39988041.77
30/01/2023;GRAVAMEN LEY 25413 S/DEB;-0.72;;39702607.45
30/01/2023;GRAVAMEN LEY 25413 S/DEB;-14.76;;39702592.69
30/01/2023;GRAVAMEN LEY 25413 S/DEB;-6.54;;39702586.15
30/01/2023;GRAVAMEN LEY 25413 S/DEB;-3.39;;39702582.76
30/01/2023;GRAVAMEN LEY 25413 S/DEB;-6.12;;39702576.64
30/01/2023;TRANSF. VAR 27343550842;4881.00;;39992922.77
30/01/2023;TRANSF. VAR 20228351424;5373.00;;39998295.77
30/01/2023;TRANSF. VAR 20243257442;41179.00;;40039474.77
30/01/2023;TRANSF. VAR 20187472637;10167.78;;40049642.55
30/01/2023;TRANSF. FAC 20937674539 ORTEGA RAMIREZ VICTOR;41027.00;;40090669.55
30/01/2023;TRANSF. FAC 27941558602 MOYA JAQUELIN CAROLA;58850.00;;40149519.55
30/01/2023;GRAVAMEN LEY 25413 S/DEB;-1.87;;39702574.77
30/01/2023;GRAVAMEN LEY 25413 S/DEB;-1.05;;39702573.72
30/01/2023;GRAVAMEN LEY 25413 S/DEB;-1.99;;39702571.73
30/01/2023;GRAVAMEN LEY 25413 S/DEB;-6.10;;39702565.63
30/01/2023;GRAVAMEN LEY 25413 S/DEB;-0.75;;39702564.88
30/01/2023;GRAVAMEN LEY 25413 S/DEB;-1.30;;39702563.58
30/01/2023;GRAVAMEN LEY 25413 S/DEB;-1.21;;39702562.37
30/01/2023;GRAVAMEN LEY 25413 S/DEB;-0.86;;39702561.51
30/01/2023;GRAVAMEN LEY 25413 S/DEB;-0.59;;39702560.92
30/01/2023;GRAVAMEN LEY 25413 S/DEB;-2.53;;39702558.39
30/01/2023;GRAVAMEN LEY 25413 S/DEB;-9.50;;39702548.89
30/01/2023;GRAVAMEN LEY 25413 S/DEB;-9.07;;39702539.82
30/01/2023;GRAVAMEN LEY 25413 S/DEB;-2.55;;39702537.27
30/01/2023;GRAVAMEN LEY 25413 S/DEB;-0.59;;39702536.68
30/01/2023;GRAVAMEN LEY 25413 S/DEB;-4.56;;39702532.12
30/01/2023;GRAVAMEN LEY 25413 S/DEB;-24.42;;39702507.70
30/01/2023;GRAVAMEN LEY 25413 S/DEB;-243.77;;39702263.93
30/01/2023;GRAVAMEN LEY 25413 S/DEB;-1.78;;39702262.15
30/01/2023;GRAVAMEN LEY 25413 S/DEB;-1.55;;39702260.60
30/01/2023;GRAVAMEN LEY 25413 S/DEB;-0.50;;39702260.10
30/01/2023;GRAVAMEN LEY 25413 S/DEB;-16.51;;39702243.59
30/01/2023;GRAVAMEN LEY 25413 S/DEB;-1.52;;39702242.07
30/01/2023;GRAVAMEN LEY 25413 S/DEB;-0.41;;39702241.66
30/01/2023;GRAVAMEN LEY 25413 S/DEB;-0.45;;39702241.21
30/01/2023;GRAVAMEN LEY 25413 S/DEB;-3.46;;39702237.75
30/01/2023;GRAVAMEN LEY 25413 S/DEB;-0.85;;39702236.90
30/01/2023;GRAVAMEN LEY 25413 S/DEB;-3.45;;39702233.45
30/01/2023;GRAVAMEN LEY 25413 S/DEB;-4.94;;39702228.51
30/01/2023;GRAVAMEN LEY 25413 S/DEB;-3.98;;39702224.53
30/01/2023;GRAVAMEN LEY 25413 S/DEB;-16.80;;39702207.73
30/01/2023;TRANSF. VAR 27380837973;47331.00;;40196850.55
30/01/2023;GRAVAMEN LEY 25413 S/CRED;-85.11;;39817254.19
30/01/2023;REG.REC.SIRCREB;-198.59;;39817055.60
27/01/2023;REG.REC.SIRCREB;-41.64;;38861720.39
27/01/2023;GRAVAMEN LEY 25413 S/CRED;-354.36;;38861366.03
27/01/2023;REG.REC.SIRCREB;-826.83;;38860539.20
27/01/2023;GRAVAMEN LEY 25413 S/CRED;-274.55;;38860264.65
27/01/2023;REG.REC.SIRCREB;-640.62;;38859624.03
27/01/2023;GRAVAMEN LEY 25413 S/CRED;-324.69;;38859299.34
27/01/2023;REG.REC.SIRCREB;-75.60;;38914242.33
27/01/2023;GRAVAMEN LEY 25413 S/CRED;-266.13;;38913976.20
27/01/2023;REG.REC.SIRCREB;-620.98;;38913355.22
27/01/2023;GRAVAMEN LEY 25413 S/CRED;-303.22;;38913052.00
27/01/2023;REG.REC.SIRCREB;-707.50;;38912344.50
27/01/2023;GRAVAMEN LEY 25413 S/CRED;-123.80;;38912220.70
27/01/2023;REG.REC.SIRCREB;-288.87;;38911931.83
27/01/2023;GRAVAMEN LEY 25413 S/CRED;-183.97;;38911747.86
27/01/2023;REG.REC.SIRCREB;-429.26;;38911318.60
27/01/2023;GRAVAMEN LEY 25413 S/CRED;-113.71;;38911204.89
27/01/2023;REG.REC.SIRCREB;-265.33;;38910939.56
27/01/2023;GRAVAMEN LEY 25413 S/CRED;-91.49;;38910848.07
27/01/2023;REG.REC.SIRCREB;-213.47;;38910634.60
27/01/2023;GRAVAMEN LEY 25413 S/CRED;-119.60;;38910515.00
27/01/2023;REG.REC.SIRCREB;-279.06;;38910235.94
27/01/2023;GRAVAMEN LEY 25413 S/CRED;-57.79;;38910178.15
27/01/2023;REG.REC.SIRCREB;-134.85;;38910043.30
27/01/2023;GRAVAMEN LEY 25413 S/CRED;-167.86;;38909875.44
27/01/2023;REG.REC.SIRCREB;-391.67;;38909483.77
27/01/2023;GRAVAMEN LEY 25413 S/CRED;-80.87;;38909402.90
27/01/2023;REG.REC.SIRCREB;-188.71;;38909214.19
27/01/2023;GRAVAMEN LEY 25413 S/CRED;-482.47;;38908731.72
27/01/2023;REG.REC.SIRCREB;-1125.75;;38907605.97
27/01/2023;GRAVAMEN LEY 25413 S/CRED;-114.50;;38907491.47
27/01/2023;REG.REC.SIRCREB;-267.16;;38907224.31
27/01/2023;GRAVAMEN LEY 25413 S/CRED;-18.14;;38907206.17
27/01/2023;REG.REC.SIRCREB;-42.33;;38907163.84
27/01/2023;GRAVAMEN LEY 25413 S/CRED;-171.58;;38906992.26
27/01/2023;REG.REC.SIRCREB;-400.36;;38906591.90
27/01/2023;GRAVAMEN LEY 25413 S/CRED;-69.49;;38906522.41
27/01/2023;REG.REC.SIRCREB;-162.15;;38906360.26
27/01/2023;GRAVAMEN LEY 25413 S/CRED;-184.18;;38906176.08
27/01/2023;REG.REC.SIRCREB;-429.74;;38905746.34
27/01/2023;GRAVAMEN LEY 25413 S/CRED;-64.73;;38905681.61
27/01/2023;REG.REC.SIRCREB;-151.03;;38905530.58
27/01/2023;GRAVAMEN LEY 25413 S/CRED;-145.81;;38905384.77
27/01/2023;REG.REC.SIRCREB;-340.23;;38905044.54
27/01/2023;GRAVAMEN LEY 25413 S/CRED;-135.64;;38904908.90
27/01/2023;REG.REC.SIRCREB;-316.48;;38904592.42
27/01/2023;GRAVAMEN LEY 25413 S/CRED;-101.22;;38904491.20
27/01/2023;REG.REC.SIRCREB;-236.18;;38904255.02
27/01/2023;GRAVAMEN LEY 25413 S/CRED;-325.63;;38903929.39
27/01/2023;REG.REC.SIRCREB;-339.23;;38870396.97
27/01/2023;PAGO LINK-MUNICIPALIDAD PATAGONES;-7968.73;;36717109.32
27/01/2023;PAGO LINK-MUNICIPALIDAD PATAGONES;-6988.97;;36710120.35
27/01/2023;GRAVAMEN LEY 25413 S/CRED;-101.01;;38870295.96
27/01/2023;REG.REC.SIRCREB;-235.69;;38870060.27
27/01/2023;PAGO LINK-MUNICIPALIDAD PATAGONES;-10555.71;;36699564.64
27/01/2023;PAGO LINK-ESCO CAPITALIZ Y AHORRO;-122100.00;;36577464.64
27/01/2023;PAGO LINK-ESCO CAPITALIZ Y AHORRO;-55275.00;;36522189.64
27/01/2023;PAGO LINK-ESCO CAPITALIZ Y AHORRO;-122100.00;;36400089.64
27/01/2023;PAGO LINK-ESCO CAPITALIZ Y AHORRO;-55275.00;;36344814.64
27/01/2023;TRANSF. FAC 27335783595 HUARACHI JUANA GRACIEL;145347.15;;36490161.79
27/01/2023;TRANSF. FAC 30501835354;-1188582.50;;35301579.29
27/01/2023;TRANSF. VAR 20291324607;20300.00;;35321879.29
27/01/2023;TRANSF. VAR 30648209416;-16820.33;;35305058.96
27/01/2023;TRANSF. VAR 20045551777;5400.00;;35310458.96
27/01/2023;TRANSF. VAR 27250067602;44355.74;;35354814.70
27/01/2023;TRANSF. VAR 27311734402;50536.00;;35405350.70
27/01/2023;TRANSF. VAR 20313927963;20633.56;;35425984.26
27/01/2023;GRAVAMEN LEY 25413 S/CRED;-56.43;;38870003.84
27/01/2023;REG.REC.SIRCREB;-131.67;;38869872.17
27/01/2023;GRAVAMEN LEY 25413 S/CRED;-146.90;;38869725.27
27/01/2023;TRANSF. VAR 20429706344;30661.76;;35456646.02
27/01/2023;TRANSF. VAR 20261218128;18952.33;;35475598.35
27/01/2023;TRANSF. VAR 23940898749;15248.00;;35490846.35
27/01/2023;TRANSF. VAR 20380839483;19932.81;;35510779.16
27/01/2023;TRANSF. VAR 20325783061;9631.97;;35520411.13
27/01/2023;TRANSF. VAR 27396468293;27976.56;;35548387.69
27/01/2023;TRANSF. FAC 20274321912;13479.00;;35561866.69
27/01/2023;TRANSF. FAC 27188961032 ABAN CASTRO TEODORA PA;45505.00;;35607371.69
27/01/2023;TRANSF. FAC;80410.92;;35687782.61
27/01/2023;TRANSF. VAR 20380928788;19083.00;;35706865.61
27/01/2023;TRANSF. VAR 24295049592 CECCHINI, GIACONDO ALE;3023.86;;35709889.47
27/01/2023;TRANSF. VAR 27254079060;28597.00;;35738486.47
27/01/2023;TRANSF. VAR 20954552064;11582.00;;35750068.47
27/01/2023;TRANSF. VAR 27242725854;30696.00;;35780764.47
27/01/2023;TRANSF. VAR 27381747617;10788.00;;35791552.47
27/01/2023;TRANSF. FAC;24302.10;;35815854.57
27/01/2023;TRANSF. VAR;22606.04;;35838460.61
27/01/2023;TRANSF. VAR 27261218742;16870.00;;35855330.61
27/01/2023;TRANSF. FAC 27940846566;54271.00;;35909601.61
27/01/2023;TRANSF. 30715403524 MERCADOS PATAGONICOS S.R.L;72948.85;;35982550.46
27/01/2023;TRANSF. VAR 23943370184;22486.68;;36005037.14
27/01/2023;DEP.EFVO.INTERS.         -SUC 3100;1482960.00;;37487997.14
27/01/2023;TRANSF. VAR 20263505140 AIZA OSCAR HUGO;37308.00;;37525305.14
27/01/2023;TRANSF. VAR 27947503826;10749.00;;37536054.14
27/01/2023;TRANSF. VAR 27333765395;4789.30;;37540843.44
27/01/2023;TRANSF. VAR 24227307850;20467.36;;37561310.80
27/01/2023;REG.REC.SIRCREB;-342.78;;38869382.49
27/01/2023;GRAVAMEN LEY 25413 S/CRED;-124.95;;38869257.54
27/01/2023;REG.REC.SIRCREB;-291.54;;38868966.00
27/01/2023;GRAVAMEN LEY 25413 S/CRED;-147.16;;38868818.84
27/01/2023;REG.REC.SIRCREB;-343.37;;38868475.47
27/01/2023;GRAVAMEN LEY 25413 S/CRED;-95.45;;38868380.02
27/01/2023;REG.REC.SIRCREB;-222.71;;38868157.31
27/01/2023;GRAVAMEN LEY 25413 S/CRED;-103.60;;38868053.71
27/01/2023;REG.REC.SIRCREB;-241.74;;38867811.97
27/01/2023;GRAVAMEN LEY 25413 S/CRED;-360.00;;38867451.97
27/01/2023;REG.REC.SIRCREB;-840.00;;38866611.97
27/01/2023;GRAVAMEN LEY 25413 S/CRED;-85.71;;38866526.26
27/01/2023;TRANSF. VAR 27958130770 LUSINDA APARICIO HUANC;24231.00;;37585541.80
27/01/2023;REG.REC.SIRCREB;-199.99;;38866326.27
27/01/2023;GRAVAMEN LEY 25413 S/CRED;-1363.92;;38864962.35
27/01/2023;REG.REC.SIRCREB;-3182.48;;38861779.87
27/01/2023;GRAVAMEN LEY 25413 S/CRED;-17.84;;38861762.03
27/01/2023;GRAVAMEN LEY 25413 S/CRED;-4200.00;;38852294.30
27/01/2023;REG.REC.SIRCREB;-9800.00;;38842494.30
27/01/2023;GRAVAMEN LEY 25413 S/DEB;-6.00;;38842488.30
27/01/2023;GRAVAMEN LEY 25413 S/DEB;-1.26;;38842487.04
27/01/2023;GRAVAMEN LEY 25413 S/DEB;-12.21;;38842474.83
27/01/2023;GRAVAMEN LEY 25413 S/DEB;-1.71;;38842473.12
27/01/2023;GRAVAMEN LEY 25413 S/DEB;-0.45;;38842472.67
27/01/2023;GRAVAMEN LEY 25413 S/DEB;-3.73;;38842468.94
27/01/2023;GRAVAMEN LEY 25413 S/DEB;-4.25;;38842464.69
27/01/2023;GRAVAMEN LEY 25413 S/DEB;-1.73;;38842462.96
27/01/2023;GRAVAMEN LEY 25413 S/DEB;-2.58;;38842460.38
27/01/2023;GRAVAMEN LEY 25413 S/DEB;-1.59;;38842458.79
27/01/2023;GRAVAMEN LEY 25413 S/DEB;-1.28;;38842457.51
27/01/2023;GRAVAMEN LEY 25413 S/DEB;-1.67;;38842455.84
27/01/2023;GRAVAMEN LEY 25413 S/DEB;-0.81;;38842455.03
27/01/2023;GRAVAMEN LEY 25413 S/DEB;-2.35;;38842452.68
27/01/2023;GRAVAMEN LEY 25413 S/DEB;-1.13;;38842451.55
27/01/2023;GRAVAMEN LEY 25413 S/DEB;-6.75;;38842444.80
27/01/2023;GRAVAMEN LEY 25413 S/DEB;-1.60;;38842443.20
27/01/2023;GRAVAMEN LEY 25413 S/DEB;-0.25;;38842442.95
27/01/2023;GRAVAMEN LEY 25413 S/DEB;-2.40;;38842440.55
27/01/2023;GRAVAMEN LEY 25413 S/DEB;-0.97;;38842439.58
27/01/2023;GRAVAMEN LEY 25413 S/DEB;-2.58;;38842437.00
27/01/2023;GRAVAMEN LEY 25413 S/DEB;-0.91;;38842436.09
27/01/2023;GRAVAMEN LEY 25413 S/DEB;-2.04;;38842434.05
27/01/2023;GRAVAMEN LEY 25413 S/DEB;-1.90;;38842432.15
27/01/2023;GRAVAMEN LEY 25413 S/DEB;-1.42;;38842430.73
27/01/2023;GRAVAMEN LEY 25413 S/DEB;-4.56;;38842426.17
27/01/2023;GRAVAMEN LEY 25413 S/DEB;-6.13;;38842420.04
27/01/2023;GRAVAMEN LEY 25413 S/DEB;-1.89;;38842418.15
27/01/2023;I.V.A. BASE;-210.00;;38927466.11
27/01/2023;GRAVAMEN LEY 25413 S/DEB;-57.77;;38927408.34
27/01/2023;GRAVAMEN LEY 25413 S/DEB;-57.77;;38927350.57
27/01/2023;GRAVAMEN LEY 25413 S/DEB;-57.77;;38927292.80
27/01/2023;GRAVAMEN LEY 25413 S/DEB;-57.77;;38927235.03
27/01/2023;GRAVAMEN LEY 25413 S/DEB;-57.77;;38927177.26
27/01/2023;GRAVAMEN LEY 25413 S/DEB;-47.81;;38927129.45
27/01/2023;REG.REC.SIRCREB;-759.79;;38903169.60
27/01/2023;GRAVAMEN LEY 25413 S/CRED;-437.69;;38902731.91
27/01/2023;GRAVAMEN LEY 25413 S/DEB;-41.93;;38927087.52
27/01/2023;GRAVAMEN LEY 25413 S/DEB;-63.33;;38927024.19
27/01/2023;GRAVAMEN LEY 25413 S/DEB;-732.60;;38926291.59
27/01/2023;REG.REC.SIRCREB;-1021.28;;38901710.63
27/01/2023;GRAVAMEN LEY 25413 S/CRED;-134.92;;38901575.71
27/01/2023;REG.REC.SIRCREB;-314.81;;38901260.90
27/01/2023;GRAVAMEN LEY 25413 S/CRED;-8897.76;;38892363.14
27/01/2023;REG.REC.SIRCREB;-20761.44;;38871601.70
27/01/2023;GRAVAMEN LEY 25413 S/CRED;-64.49;;38871537.21
27/01/2023;REG.REC.SIRCREB;-150.49;;38871386.72
27/01/2023;GRAVAMEN LEY 25413 S/CRED;-28.74;;38871357.98
27/01/2023;REG.REC.SIRCREB;-67.05;;38871290.93
27/01/2023;GRAVAMEN LEY 25413 S/DEB;-331.65;;38925959.94
27/01/2023;GRAVAMEN LEY 25413 S/DEB;-732.60;;38925227.34
27/01/2023;GRAVAMEN LEY 25413 S/DEB;-331.65;;38924895.69
27/01/2023;GRAVAMEN LEY 25413 S/CRED;-872.08;;38924023.61
27/01/2023;REG.REC.SIRCREB;-2034.86;;38921988.75
27/01/2023;GRAVAMEN LEY 25413 S/DEB;-7131.50;;38914857.25
27/01/2023;GRAVAMEN LEY 25413 S/CRED;-121.80;;38914735.45
27/01/2023;REG.REC.SIRCREB;-284.20;;38914451.25
27/01/2023;GRAVAMEN LEY 25413 S/DEB;-100.92;;38914350.33
27/01/2023;GRAVAMEN LEY 25413 S/CRED;-32.40;;38914317.93
27/01/2023;GRAVAMEN LEY 25413 S/CRED;-122.80;;38871168.13
27/01/2023;REG.REC.SIRCREB;-286.54;;38870881.59
27/01/2023;GRAVAMEN LEY 25413 S/CRED;-145.39;;38870736.20
27/01/2023;PAGO LINK-MUNICIPALIDAD PATAGONES;-9628.94;;36763593.81
27/01/2023;PAGO LINK-MUNICIPALIDAD PATAGONES;-9628.94;;36753964.87
27/01/2023;PAGO LINK-MUNICIPALIDAD PATAGONES;-9628.94;;36744335.93
27/01/2023;PAGO LINK-MUNICIPALIDAD PATAGONES;-9628.94;;36734706.99
27/01/2023;TRANSF. VAR 23225764689 PETROLANDA, RAMIRO AND;16835.00;;37602376.80
27/01/2023;TRANSF. VAR 20410513960;9405.25;;37611782.05
27/01/2023;TRANSF. VAR 20270564276 ALBERDI ALGANARAS, NES;24484.01;;37636266.06
27/01/2023;TRANSF. VAR;20824.49;;37657090.55
27/01/2023;TRANSF. FAC;24526.52;;37681617.07
27/01/2023;PAGO LINK-MUNICIPALIDAD PATAGONES;-9628.94;;36725078.05
27/01/2023;TRANSF. VAR 20349588456;15908.00;;37697525.07
27/01/2023;GRAVAMEN LEY 25413 S/DEB;-124.57;;38842293.58
27/01/2023;GRAVAMEN LEY 25413 S/DEB;-0.90;;38842292.68
27/01/2023;GRAVAMEN LEY 25413 S/DEB;-0.40;;38842292.28
27/01/2023;GRAVAMEN LEY 25413 S/DEB;-1.72;;38842290.56
27/01/2023;GRAVAMEN LEY 25413 S/DEB;-2.04;;38842288.52
27/01/2023;GRAVAMEN LEY 25413 S/DEB;-1.41;;38842287.11
27/01/2023;GRAVAMEN LEY 25413 S/DEB;-0.79;;38842286.32
27/01/2023;GRAVAMEN LEY 25413 S/DEB;-2.06;;38842284.26
27/01/2023;GRAVAMEN LEY 25413 S/DEB;-1.75;;38842282.51
27/01/2023;GRAVAMEN LEY 25413 S/DEB;-2.06;;38842280.45
27/01/2023;GRAVAMEN LEY 25413 S/DEB;-1.34;;38842279.11
27/01/2023;GRAVAMEN LEY 25413 S/DEB;-1.45;;38842277.66
27/01/2023;GRAVAMEN LEY 25413 S/DEB;-5.04;;38842272.62
27/01/2023;GRAVAMEN LEY 25413 S/DEB;-1.20;;38842271.42
27/01/2023;GRAVAMEN LEY 25413 S/DEB;-19.09;;38842252.33
27/01/2023;GRAVAMEN LEY 25413 S/DEB;-0.25;;38842252.08
27/01/2023;GRAVAMEN LEY 25413 S/DEB;-4.96;;38842247.12
27/01/2023;GRAVAMEN LEY 25413 S/DEB;-3.84;;38842243.28
27/01/2023;GRAVAMEN LEY 25413 S/DEB;-4.55;;38842238.73
27/01/2023;GRAVAMEN LEY 25413 S/DEB;-3.00;;38842235.73
27/01/2023;GRAVAMEN LEY 25413 S/DEB;-0.46;;38842235.27
27/01/2023;GRAVAMEN LEY 25413 S/DEB;-1.15;;38842234.12
27/01/2023;GRAVAMEN LEY 25413 S/DEB;-1.43;;38842232.69
27/01/2023;GRAVAMEN LEY 25413 S/DEB;-1.55;;38842231.14
27/01/2023;GRAVAMEN LEY 25413 S/DEB;-58.80;;38842172.34
27/01/2023;TRANSF. VAR 23951099619;17267.00;;37714792.07
27/01/2023;TRANSF. VAR 23224180349;60000.00;;37774792.07
27/01/2023;TRANSF. VAR 27947503826;14285.00;;37789077.07
27/01/2023;TRANSF. FAC 20147967749 LAMAS BENICIO HUMBERTO;227319.78;;38016396.85
27/01/2023;TRANSF. VAR 27190869798;2974.00;;38019370.85
27/01/2023;TRANSF. VAR 23252248684;59059.59;;38078430.44
27/01/2023;TRANSF. VAR 20230397962 COLQUE, LUIS ALBERTO;45758.80;;38124189.24
27/01/2023;TRANSF. FAC 27315918664 LEPORI, CINTIA ANAHI;54114.30;;38178303.54
27/01/2023;TRANSF. VAR 27228661169 VAZQUEZ, ROSSANA CARIN;35758.75;;38214062.29
27/01/2023;TRANSF. VAR 20407780958;5420.00;;38219482.29
27/01/2023;TRANSF. VAR 23348761099;13660.00;;38233142.29
27/01/2023;TRANSF. VAR 27299908297;17030.00;;38250172.29
27/01/2023;TRANSF.INT.DIST.TITULAR  -LINK;18503.82;;38268676.11
27/01/2023;DB DEBIN PREAUTORIZADO   -LINK;-40000.00;;38228676.11
27/01/2023;TRANSF.INT.DIST.TITULAR  -BANE;700000.00;;38928676.11
27/01/2023;COMIS.COMPENSACION ATEN C;-1000.00;;38927676.11
27/01/2023;REG.REC.SIRCREB;-757.60;;38858541.74
27/01/2023;GRAVAMEN LEY 25413 S/CRED;-214.55;;38858327.19
27/01/2023;REG.REC.SIRCREB;-500.62;;38857826.57
27/01/2023;GRAVAMEN LEY 25413 S/CRED;-32.52;;38857794.05
27/01/2023;REG.REC.SIRCREB;-75.88;;38857718.17
27/01/2023;GRAVAMEN LEY 25413 S/CRED;-81.96;;38857636.21
27/01/2023;REG.REC.SIRCREB;-191.24;;38857444.97
27/01/2023;GRAVAMEN LEY 25413 S/CRED;-102.18;;38857342.79
27/01/2023;REG.REC.SIRCREB;-238.42;;38857104.37
27/01/2023;GRAVAMEN LEY 25413 S/CRED;-111.02;;38856993.35
27/01/2023;REG.REC.SIRCREB;-259.05;;38856734.30
27/01/2023;GRAVAMEN LEY 25413 S/DEB;-240.00;;38856494.30
26/01/2023;TRANSF. VAR 27333687572 GOMEZ, CARLA ESTEFANIA;9400.00;;37806991.74
26/01/2023;REG.REC.SIRCREB;-210.00;;36789552.31
26/01/2023;TRANSF. FAC 30707702695;-237358.54;;37569633.20
26/01/2023;TRANSF. VAR 20349587913;20111.00;;37589744.20
26/01/2023;TRANSF. FAC 20055036579;-14664.45;;37575079.75
26/01/2023;TRANSF. VAR 27955227498;17894.00;;37592973.75
26/01/2023;COBRADO POR CAJA;-39000.00;;37553973.75
26/01/2023;TRANSF. VAR 20243257442;70333.00;;37624306.75
26/01/2023;TRANSF. VAR 27284146269 CHOROLQUE  ANDREA C;18839.87;;37643146.62
26/01/2023;GRAVAMEN LEY 25413 S/CRED;-207.44;;36789344.87
26/01/2023;GRAVAMEN LEY 25413 S/CRED;-126.41;;36867748.91
26/01/2023;REG.REC.SIRCREB;-484.02;;36788860.85
26/01/2023;GRAVAMEN LEY 25413 S/CRED;-38.46;;36788822.39
26/01/2023;REG.REC.SIRCREB;-89.75;;36788732.64
26/01/2023;GRAVAMEN LEY 25413 S/CRED;-148.04;;36788584.60
26/01/2023;REG.REC.SIRCREB;-294.95;;36867453.96
26/01/2023;GRAVAMEN LEY 25413 S/CRED;-239.86;;36867214.10
26/01/2023;REG.REC.SIRCREB;-559.67;;36866654.43
26/01/2023;GRAVAMEN LEY 25413 S/CRED;-236.93;;36866417.50
26/01/2023;REG.REC.SIRCREB;-552.84;;36865864.66
26/01/2023;GRAVAMEN LEY 25413 S/DEB;-424.26;;36865440.40
26/01/2023;GRAVAMEN LEY 25413 S/CRED;-49.68;;36865390.72
26/01/2023;REG.REC.SIRCREB;-115.92;;36865274.80
26/01/2023;GRAVAMEN LEY 25413 S/CRED;-569.64;;36864705.16
26/01/2023;REG.REC.SIRCREB;-1329.16;;36863376.00
26/01/2023;GRAVAMEN LEY 25413 S/DEB;-897.66;;36862478.34
26/01/2023;GRAVAMEN LEY 25413 S/CRED;-36.20;;36862442.14
26/01/2023;REG.REC.SIRCREB;-84.47;;36862357.67
26/01/2023;REG.REC.SIRCREB;-345.43;;36788239.17
26/01/2023;GRAVAMEN LEY 25413 S/CRED;-97.71;;36788141.46
26/01/2023;REG.REC.SIRCREB;-227.99;;36787913.47
26/01/2023;GRAVAMEN LEY 25413 S/DEB;-5584.62;;36782328.85
26/01/2023;GRAVAMEN LEY 25413 S/DEB;-3070.57;;36779258.28
26/01/2023;GRAVAMEN LEY 25413 S/DEB;-941.08;;36778317.20
26/01/2023;GRAVAMEN LEY 25413 S/CRED;-1420.46;;36776896.74
26/01/2023;REG.REC.SIRCREB;-3314.40;;36773582.34
26/01/2023;GRAVAMEN LEY 25413 S/DEB;-1.52;;36773580.82
26/01/2023;GRAVAMEN LEY 25413 S/DEB;-3.44;;36773577.38
26/01/2023;GRAVAMEN LEY 25413 S/DEB;-4.20;;36773573.18
26/01/2023;GRAVAMEN LEY 25413 S/DEB;-0.44;;36773572.74
26/01/2023;GRAVAMEN LEY 25413 S/CRED;-53.54;;36862304.13
26/01/2023;REG.REC.SIRCREB;-124.92;;36862179.21
26/01/2023;GRAVAMEN LEY 25413 S/CRED;-190.26;;36861988.95
26/01/2023;REG.REC.SIRCREB;-443.95;;36861545.00
26/01/2023;48HS. BANCOS    000238586;-2679398.13;;34754421.64
26/01/2023;GRAVAMEN LEY 25413 S/DEB;-1.54;;36773313.53
26/01/2023;GRAVAMEN LEY 25413 S/DEB;-9.66;;36773303.87
26/01/2023;GRAVAMEN LEY 25413 S/DEB;-4.23;;36773299.64
26/01/2023;GRAVAMEN LEY 25413 S/DEB;-0.57;;36773299.07
26/01/2023;TRANSF. VAR 20943460354;18060.00;;34772481.64
26/01/2023;TRANSF. VAR 27242150452;41000.00;;34813481.64
26/01/2023;GRAVAMEN LEY 25413 S/DEB;-3.25;;36773295.82
26/01/2023;TRANSF. VAR 20940074887;50000.00;;34863481.64
26/01/2023;TRANSF. VAR 27333765395;5212.72;;34868694.36
26/01/2023;TRANSF. VAR 27928875909;10603.42;;34879297.78
26/01/2023;TRANSF. FAC 30709442496 NEOM SRL;39250.00;;34918547.78
26/01/2023;TRANSF. FAC 30505150372;-65043.17;;34853504.61
26/01/2023;TRANSF. FAC 30505150372;-156829.17;;34696675.44
26/01/2023;TRANSF. VAR 27228661827;22742.00;;34719417.44
26/01/2023;TRANSF. VAR 20356009062 CABEZAS JORGE LUIS;13316.82;;34732734.26
26/01/2023;TRANSF. VAR 23169263639;38715.53;;34771449.79
26/01/2023;TRANSF. VAR 27957163098;21068.00;;34792517.79
26/01/2023;TRANSF. VAR 20209857074;39976.71;;34832494.50
26/01/2023;TRANSF. 30715403524 MERCADOS PATAGONICOS S.R.L;39488.51;;34871983.01
26/01/2023;TRANSF. FAC 23124825229;-70710.22;;34801272.79
26/01/2023;TRANSF. VAR 27943529367;8280.00;;34809552.79
26/01/2023;TRANSF. VAR 30714623547;94940.28;;34904493.07
26/01/2023;TRANSF. FAC 30646618521;-149609.33;;34754883.74
26/01/2023;TRANSF. VAR 20187472637;6033.53;;34760917.27
26/01/2023;TRANSF. FAC 23243612349 OCHOA ADOLFO RAUL;35167.44;;34796084.71
26/01/2023;TRANSF. VAR 27161226950;8923.00;;34805007.71
26/01/2023;TRANSF. VAR 27370563972 ECKERMANN, CAROLINA YA;31710.44;;34836718.15
26/01/2023;TRANSF. FAC 20187727430 PETROLANDA  GONZALO;20291.51;;34857009.66
26/01/2023;TRANSF. VAR 20174987182;9000.00;;34866009.66
26/01/2023;TRANSF. VAR 20338694653;16703.65;;34882713.31
26/01/2023;TRANSF. VAR 23943370184;26718.97;;34909432.28
26/01/2023;TRANSF. VAR 23943370184;23856.76;;34933289.04
26/01/2023;TRANSF. VAR 27345146720;14679.91;;34947968.95
26/01/2023;DEP.EFVO.INTERS.         -SUC 3100;2613400.00;;37561368.95
26/01/2023;TRANSF. VAR 27393552307;7152.00;;37568520.95
26/01/2023;TRANSF. VAR 20943239518;18370.00;;37586890.95
26/01/2023;TRANSF. 30714752223 HUARACHI Y VASQUEZ S.H;114943.04;;37701833.99
26/01/2023;GRAVAMEN LEY 25413 S/DEB;-0.79;;36773295.03
26/01/2023;GRAVAMEN LEY 25413 S/DEB;-1.69;;36773293.34
26/01/2023;GRAVAMEN LEY 25413 S/DEB;-1.50;;36773291.84
26/01/2023;GRAVAMEN LEY 25413 S/DEB;-5.91;;36773285.93
26/01/2023;GRAVAMEN LEY 25413 S/DEB;-1.58;;36773284.35
26/01/2023;GRAVAMEN LEY 25413 S/DEB;-4.19;;36773280.16
26/01/2023;GRAVAMEN LEY 25413 S/DEB;-1.12;;36773279.04
26/01/2023;GRAVAMEN LEY 25413 S/DEB;-3.72;;36773275.32
26/01/2023;GRAVAMEN LEY 25413 S/DEB;-3.40;;36773271.92
26/01/2023;GRAVAMEN LEY 25413 S/DEB;-1.34;;36773270.58
26/01/2023;GRAVAMEN LEY 25413 S/DEB;-2.77;;36773267.81
26/01/2023;GRAVAMEN LEY 25413 S/DEB;-4.20;;36773263.61
26/01/2023;GRAVAMEN LEY 25413 S/DEB;-2.27;;36773261.34
26/01/2023;GRAVAMEN LEY 25413 S/DEB;-0.38;;36773260.96
26/01/2023;GRAVAMEN LEY 25413 S/DEB;-4.56;;36773256.40
26/01/2023;GRAVAMEN LEY 25413 S/DEB;-0.44;;36773255.96
26/01/2023;GRAVAMEN LEY 25413 S/DEB;-3.94;;36773252.02
26/01/2023;GRAVAMEN LEY 25413 S/DEB;-1.24;;36773250.78
26/01/2023;GRAVAMEN LEY 25413 S/DEB;-1.26;;36773249.52
26/01/2023;GRAVAMEN LEY 25413 S/DEB;-2.90;;36773246.62
26/01/2023;GRAVAMEN LEY 25413 S/DEB;-0.54;;36773246.08
26/01/2023;GRAVAMEN LEY 25413 S/DEB;-2.07;;36773244.01
26/01/2023;GRAVAMEN LEY 25413 S/DEB;-1.37;;36773242.64
26/01/2023;GRAVAMEN LEY 25413 S/DEB;-19.89;;36773222.75
26/01/2023;TRANSF. VAR 27396468293;50303.75;;37752137.74
26/01/2023;TRANSF. VAR 20364454857;6779.00;;37758916.74
26/01/2023;TRANSF. VAR 27940503154;38675.00;;37797591.74
26/01/2023;REG.REC.SIRCREB;-186.44;;36868649.63
26/01/2023;GRAVAMEN LEY 25413 S/CRED;-232.29;;36868417.34
26/01/2023;REG.REC.SIRCREB;-542.02;;36867875.32
26/01/2023;GRAVAMEN LEY 25413 S/DEB;-1.91;;36773569.94
26/01/2023;GRAVAMEN LEY 25413 S/CRED;-232.05;;36802868.99
26/01/2023;REG.REC.SIRCREB;-541.45;;36802327.54
26/01/2023;GRAVAMEN LEY 25413 S/CRED;-56.40;;36802271.14
26/01/2023;REG.REC.SIRCREB;-131.60;;36802139.54
26/01/2023;GRAVAMEN LEY 25413 S/DEB;-1424.15;;36800715.39
26/01/2023;GRAVAMEN LEY 25413 S/CRED;-120.67;;36800594.72
26/01/2023;REG.REC.SIRCREB;-281.55;;36800313.17
26/01/2023;GRAVAMEN LEY 25413 S/DEB;-87.99;;36800225.18
26/01/2023;GRAVAMEN LEY 25413 S/CRED;-107.36;;36800117.82
26/01/2023;REG.REC.SIRCREB;-250.52;;36799867.30
26/01/2023;GRAVAMEN LEY 25413 S/DEB;-234.00;;36799633.30
26/01/2023;GRAVAMEN LEY 25413 S/CRED;-422.00;;36799211.30
26/01/2023;REG.REC.SIRCREB;-984.66;;36798226.64
26/01/2023;GRAVAMEN LEY 25413 S/CRED;-113.04;;36798113.60
26/01/2023;REG.REC.SIRCREB;-263.76;;36797849.84
26/01/2023;GRAVAMEN LEY 25413 S/CRED;-299.64;;36797550.20
26/01/2023;REG.REC.SIRCREB;-699.16;;36796851.04
26/01/2023;GRAVAMEN LEY 25413 S/CRED;-80.21;;36796770.83
26/01/2023;REG.REC.SIRCREB;-187.16;;36796583.67
26/01/2023;GRAVAMEN LEY 25413 S/CRED;-265.72;;36796317.95
26/01/2023;REG.REC.SIRCREB;-620.02;;36795697.93
26/01/2023;GRAVAMEN LEY 25413 S/CRED;-243.21;;36795454.72
26/01/2023;REG.REC.SIRCREB;-567.49;;36794887.23
26/01/2023;GRAVAMEN LEY 25413 S/CRED;-95.59;;36794791.64
26/01/2023;REG.REC.SIRCREB;-223.03;;36794568.61
26/01/2023;GRAVAMEN LEY 25413 S/CRED;-197.69;;36794370.92
26/01/2023;REG.REC.SIRCREB;-461.27;;36793909.65
26/01/2023;GRAVAMEN LEY 25413 S/CRED;-300.00;;36793609.65
26/01/2023;REG.REC.SIRCREB;-700.00;;36792909.65
26/01/2023;GRAVAMEN LEY 25413 S/CRED;-162.50;;36792747.15
26/01/2023;REG.REC.SIRCREB;-379.16;;36792367.99
26/01/2023;GRAVAMEN LEY 25413 S/CRED;-27.47;;36792340.52
26/01/2023;REG.REC.SIRCREB;-64.09;;36792276.43
26/01/2023;GRAVAMEN LEY 25413 S/CRED;-325.74;;36791950.69
26/01/2023;REG.REC.SIRCREB;-760.06;;36791190.63
26/01/2023;GRAVAMEN LEY 25413 S/CRED;-31.61;;36791159.02
26/01/2023;REG.REC.SIRCREB;-73.75;;36791085.27
26/01/2023;GRAVAMEN LEY 25413 S/CRED;-281.11;;36790804.16
26/01/2023;REG.REC.SIRCREB;-655.91;;36790148.25
26/01/2023;GRAVAMEN LEY 25413 S/CRED;-88.78;;36790059.47
26/01/2023;REG.REC.SIRCREB;-207.16;;36789852.31
26/01/2023;GRAVAMEN LEY 25413 S/CRED;-90.00;;36789762.31
26/01/2023;GRAVAMEN LEY 25413 S/DEB;-1.12;;36773568.82
26/01/2023;GRAVAMEN LEY 25413 S/DEB;-3.25;;36773565.57
26/01/2023;GRAVAMEN LEY 25413 S/DEB;-1.77;;36773563.80
26/01/2023;GRAVAMEN LEY 25413 S/DEB;-3.36;;36773560.44
26/01/2023;GRAVAMEN LEY 25413 S/DEB;-3.32;;36773557.12
26/01/2023;GRAVAMEN LEY 25413 S/DEB;-0.70;;36773556.42
26/01/2023;GRAVAMEN LEY 25413 S/DEB;-7.97;;36773548.45
26/01/2023;GRAVAMEN LEY 25413 S/DEB;-0.51;;36773547.94
26/01/2023;GRAVAMEN LEY 25413 S/DEB;-0.75;;36773547.19
26/01/2023;GRAVAMEN LEY 25413 S/DEB;-2.66;;36773544.53
26/01/2023;GRAVAMEN LEY 25413 S/DEB;-1.70;;36773542.83
26/01/2023;GRAVAMEN LEY 25413 S/DEB;-0.76;;36773542.07
26/01/2023;GRAVAMEN LEY 25413 S/DEB;-1.40;;36773540.67
26/01/2023;GRAVAMEN LEY 25413 S/DEB;-2.24;;36773538.43
26/01/2023;GRAVAMEN LEY 25413 S/DEB;-2.00;;36773536.43
26/01/2023;GRAVAMEN LEY 25413 S/DEB;-1.23;;36773535.20
26/01/2023;GRAVAMEN LEY 25413 S/DEB;-219.53;;36773315.67
26/01/2023;GRAVAMEN LEY 25413 S/DEB;-0.60;;36773315.07
26/01/2023;GRAVAMEN LEY 25413 S/CRED;-121.75;;36861423.25
26/01/2023;REG.REC.SIRCREB;-284.08;;36861139.17
26/01/2023;GRAVAMEN LEY 25413 S/CRED;-54.00;;36861085.17
26/01/2023;REG.REC.SIRCREB;-126.00;;36860959.17
26/01/2023;GRAVAMEN LEY 25413 S/CRED;-100.22;;36860858.95
26/01/2023;REG.REC.SIRCREB;-233.85;;36860625.10
26/01/2023;GRAVAMEN LEY 25413 S/CRED;-160.31;;36860464.79
26/01/2023;REG.REC.SIRCREB;-374.07;;36860090.72
26/01/2023;GRAVAMEN LEY 25413 S/CRED;-143.14;;36859947.58
26/01/2023;REG.REC.SIRCREB;-333.99;;36859613.59
26/01/2023;GRAVAMEN LEY 25413 S/CRED;-88.08;;36859525.51
26/01/2023;REG.REC.SIRCREB;-205.52;;36859319.99
26/01/2023;GRAVAMEN LEY 25413 S/CRED;-15680.40;;36843639.59
26/01/2023;REG.REC.SIRCREB;-36587.60;;36807051.99
26/01/2023;GRAVAMEN LEY 25413 S/CRED;-42.91;;36807009.08
26/01/2023;REG.REC.SIRCREB;-100.13;;36806908.95
26/01/2023;GRAVAMEN LEY 25413 S/CRED;-110.22;;36806798.73
26/01/2023;REG.REC.SIRCREB;-257.18;;36806541.55
26/01/2023;GRAVAMEN LEY 25413 S/CRED;-689.66;;36805851.89
26/01/2023;REG.REC.SIRCREB;-1609.20;;36804242.69
26/01/2023;GRAVAMEN LEY 25413 S/CRED;-301.82;;36803940.87
26/01/2023;REG.REC.SIRCREB;-704.25;;36803236.62
26/01/2023;GRAVAMEN LEY 25413 S/CRED;-40.67;;36803195.95
26/01/2023;REG.REC.SIRCREB;-94.91;;36803101.04
26/01/2023;GRAVAMEN LEY 25413 S/DEB;-0.89;;36773571.85
26/01/2023;TRANSF. FAC 20940661499 MARQUEZ CARDOZO ALDO S;49940.00;;37693086.62
26/01/2023;TRANSF. VAR 27172905345 SALGADO, PATROCINIA MA;13368.67;;37706455.29
26/01/2023;TRANSF. VAR 20340513720;44287.00;;37750742.29
26/01/2023;TRANSF. FAC 30716456117 PETRO PATAGONES SA;40534.70;;37791276.99
26/01/2023;TRANSF. VAR 20180845977;15931.00;;37807207.99
26/01/2023;TRANSF. FAC 27942361241 APARICIO HUANCA BERTHA;32947.50;;37840155.49
26/01/2023;TRANSF. FAC 20274321912;50000.00;;37890155.49
26/01/2023;TRANSF. VAR 27343550842;27083.00;;37917238.49
26/01/2023;TRANSF. VAR 20235664608;4577.58;;37921816.07
26/01/2023;TRANSF. VAR 27252249953;54290.00;;37976106.07
26/01/2023;TRANSF. VAR 20149248839;5268.00;;37981374.07
26/01/2023;TRANSF. VAR 20243926905;46851.00;;38028225.07
26/01/2023;TRANSF. VAR 23951099619;14797.00;;38043022.07
26/01/2023;TRANSF. VAR 20371728717;15000.00;;38058022.07
26/01/2023;TRANSF. VAR 23363433189;34573.00;;38092595.07
26/01/2023;TRANSF. FAC 27188961032 ABAN CASTRO TEODORA PA;111945.90;;38204540.97
26/01/2023;TRANSF. VAR 27243705547 SCHECHTEL/ALEJANDRA;6410.36;;38210951.33
26/01/2023;TRANSF. FAC 27326947240 FARIAS  CRISTINA S;24673.73;;38235625.06
26/01/2023;CR DEBIN SPOT            -LINK;16285.24;;38251910.30
26/01/2023;DEB.TRAN.INTERB          -LINK;-930770.02;;37321140.28
26/01/2023;DEB.TRAN.INTERB          -LINK;-511761.20;;36809379.08
26/01/2023;DEB.TRAN.INTERB          -LINK;-156845.86;;36652533.22
26/01/2023;TRANSF. VAR 20362575746 LUCAS ALEJANDRO FILLAS;236742.75;;36889275.97
26/01/2023;GRAVAMEN LEY 25413 S/DEB;-16076.39;;36873199.58
26/01/2023;GRAVAMEN LEY 25413 S/CRED;-108.36;;36873091.22
26/01/2023;REG.REC.SIRCREB;-252.84;;36872838.38
26/01/2023;GRAVAMEN LEY 25413 S/CRED;-246.00;;36872592.38
26/01/2023;REG.REC.SIRCREB;-574.00;;36872018.38
26/01/2023;GRAVAMEN LEY 25413 S/CRED;-300.00;;36871718.38
26/01/2023;REG.REC.SIRCREB;-700.00;;36871018.38
26/01/2023;GRAVAMEN LEY 25413 S/CRED;-31.28;;36870987.10
26/01/2023;REG.REC.SIRCREB;-72.98;;36870914.12
26/01/2023;GRAVAMEN LEY 25413 S/CRED;-63.62;;36870850.50
26/01/2023;REG.REC.SIRCREB;-148.45;;36870702.05
26/01/2023;GRAVAMEN LEY 25413 S/DEB;-390.26;;36870311.79
26/01/2023;GRAVAMEN LEY 25413 S/DEB;-940.98;;36869370.81
26/01/2023;GRAVAMEN LEY 25413 S/CRED;-136.45;;36869234.36
26/01/2023;REG.REC.SIRCREB;-318.39;;36868915.97
26/01/2023;GRAVAMEN LEY 25413 S/CRED;-79.90;;36868836.07
25/01/2023;GRAVAMEN LEY 25413 S/CRED;-1705.36;;37452714.90
25/01/2023;REG.REC.SIRCREB;-3979.18;;37448735.72
25/01/2023;GRAVAMEN LEY 25413 S/CRED;-81.88;;37448653.84
25/01/2023;GRAVAMEN LEY 25413 S/DEB;-1.19;;37433837.40
25/01/2023;GRAVAMEN LEY 25413 S/DEB;-2.21;;37433835.19
25/01/2023;GRAVAMEN LEY 25413 S/DEB;-1.27;;37433833.92
25/01/2023;GRAVAMEN LEY 25413 S/DEB;-7.23;;37433826.69
25/01/2023;GRAVAMEN LEY 25413 S/DEB;-0.98;;37433825.71
25/01/2023;GRAVAMEN LEY 25413 S/DEB;-0.68;;37433825.03
25/01/2023;GRAVAMEN LEY 25413 S/DEB;-1.83;;37433823.20
25/01/2023;GRAVAMEN LEY 25413 S/DEB;-3.43;;37433819.77
25/01/2023;TRANSF. VAR 27250067602;65281.00;;32709043.78
25/01/2023;TRANSF. VAR 23188576044;8552.01;;32717595.79
25/01/2023;TRANSF. VAR 20354322820 SISTI/FRANCO JOSE;30965.00;;32748560.79
25/01/2023;TRANSF. VAR 20370556513;12056.00;;32760616.79
25/01/2023;TRANSF. VAR 20380839483;16140.85;;32776757.64
25/01/2023;TRANSF. VAR 20319385267;43020.00;;32819777.64
25/01/2023;TRANSF. FAC 20190786499 GARCIA V  CARLOS;103775.19;;32923552.83
25/01/2023;TRANSF. VAR 23100448459;35066.51;;32958619.34
25/01/2023;DEP.EFECTIVO;1550000.00;;34508619.34
25/01/2023;TRANSF. VAR 23947961349 VILLCA, VICTOR ALFONSO;56449.00;;34565068.34
25/01/2023;TRANSF. VAR 27949215194;52825.00;;34617893.34
25/01/2023;TRANSF. VAR 20261218128;25333.00;;34643226.34
25/01/2023;TRANSF. 30715403524 MERCADOS PATAGONICOS S.R.L;32996.95;;34676223.29
25/01/2023;DEP.EFVO.INTERS.         -SUC 3100;1729940.00;;36406163.29
25/01/2023;TRANSF. VAR 27285294393;50000.00;;36456163.29
25/01/2023;TRANSF. VAR 27344037839;6000.00;;36462163.29
25/01/2023;TRANSF. VAR 20325783061;52353.28;;36514516.57
25/01/2023;TRANSF. VAR 23940898749;20412.00;;36534928.57
25/01/2023;TRANSF. VAR 27299200073;9277.79;;36544206.36
25/01/2023;TRANSF. VAR 27240852166;26258.00;;36570464.36
25/01/2023;TRANSF. VAR 20045551777;13000.00;;36583464.36
25/01/2023;TRANSF. VAR 30707927131;284227.34;;36867691.70
25/01/2023;TRANSF. VAR 27261218742;13646.00;;36881337.70
25/01/2023;48HS. BANCOS    000238584;-6789185.43;;35047781.65
25/01/2023;48HS. BANCOS    000238585;-2547488.77;;32500292.88
25/01/2023;GRAVAMEN LEY 25413 S/CRED;-132.92;;37441594.96
25/01/2023;REG.REC.SIRCREB;-310.16;;37441284.80
25/01/2023;GRAVAMEN LEY 25413 S/CRED;-190.99;;37441093.81
25/01/2023;REG.REC.SIRCREB;-445.64;;37440648.17
25/01/2023;GRAVAMEN LEY 25413 S/CRED;-140.07;;37440508.10
25/01/2023;REG.REC.SIRCREB;-326.82;;37440181.28
25/01/2023;GRAVAMEN LEY 25413 S/CRED;-291.48;;37439889.80
25/01/2023;REG.REC.SIRCREB;-680.11;;37439209.69
25/01/2023;GRAVAMEN LEY 25413 S/CRED;-144.64;;37439065.05
25/01/2023;GRAVAMEN LEY 25413 S/DEB;-0.78;;37433870.92
25/01/2023;GRAVAMEN LEY 25413 S/DEB;-2.40;;37433868.52
25/01/2023;GRAVAMEN LEY 25413 S/DEB;-1.54;;37433866.98
25/01/2023;GRAVAMEN LEY 25413 S/DEB;-2.64;;37433864.34
25/01/2023;GRAVAMEN LEY 25413 S/DEB;-0.65;;37433863.69
25/01/2023;GRAVAMEN LEY 25413 S/DEB;-0.53;;37433863.16
25/01/2023;GRAVAMEN LEY 25413 S/DEB;-1.29;;37433861.87
25/01/2023;GRAVAMEN LEY 25413 S/DEB;-0.62;;37433861.25
25/01/2023;GRAVAMEN LEY 25413 S/DEB;-0.35;;37433860.90
25/01/2023;GRAVAMEN LEY 25413 S/DEB;-1.24;;37433859.66
25/01/2023;GRAVAMEN LEY 25413 S/DEB;-8.48;;37433851.18
25/01/2023;GRAVAMEN LEY 25413 S/DEB;-1.86;;37433849.32
25/01/2023;GRAVAMEN LEY 25413 S/DEB;-2.67;;37433846.65
25/01/2023;GRAVAMEN LEY 25413 S/DEB;-1.96;;37433844.69
25/01/2023;GRAVAMEN LEY 25413 S/DEB;-4.08;;37433840.61
25/01/2023;GRAVAMEN LEY 25413 S/DEB;-2.02;;37433838.59
25/01/2023;REG.REC.SIRCREB;-119.73;;37531737.64
25/01/2023;GRAVAMEN LEY 25413 S/CRED;-185.79;;37531551.85
25/01/2023;REG.REC.SIRCREB;-433.51;;37531118.34
25/01/2023;GRAVAMEN LEY 25413 S/CRED;-72.34;;37531046.00
25/01/2023;REG.REC.SIRCREB;-168.78;;37530877.22
25/01/2023;GRAVAMEN LEY 25413 S/CRED;-96.85;;37530780.37
25/01/2023;REG.REC.SIRCREB;-225.97;;37530554.40
25/01/2023;GRAVAMEN LEY 25413 S/CRED;-258.12;;37530296.28
25/01/2023;REG.REC.SIRCREB;-602.28;;37529694.00
25/01/2023;GRAVAMEN LEY 25413 S/CRED;-622.65;;37529071.35
25/01/2023;REG.REC.SIRCREB;-1452.85;;37527618.50
25/01/2023;GRAVAMEN LEY 25413 S/CRED;-210.40;;37527408.10
25/01/2023;REG.REC.SIRCREB;-490.93;;37526917.17
25/01/2023;GRAVAMEN LEY 25413 S/CRED;-9300.00;;37517617.17
25/01/2023;REG.REC.SIRCREB;-21700.00;;37495917.17
25/01/2023;GRAVAMEN LEY 25413 S/CRED;-338.69;;37495578.48
25/01/2023;REG.REC.SIRCREB;-790.29;;37494788.19
25/01/2023;GRAVAMEN LEY 25413 S/CRED;-316.95;;37494471.24
25/01/2023;REG.REC.SIRCREB;-739.55;;37493731.69
25/01/2023;GRAVAMEN LEY 25413 S/CRED;-152.00;;37493579.69
25/01/2023;REG.REC.SIRCREB;-354.66;;37493225.03
25/01/2023;GRAVAMEN LEY 25413 S/CRED;-197.98;;37493027.05
25/01/2023;REG.REC.SIRCREB;-461.96;;37492565.09
25/01/2023;GRAVAMEN LEY 25413 S/CRED;-10379.64;;37482185.45
25/01/2023;REG.REC.SIRCREB;-24219.16;;37457966.29
25/01/2023;GRAVAMEN LEY 25413 S/CRED;-300.00;;37457666.29
25/01/2023;REG.REC.SIRCREB;-700.00;;37456966.29
25/01/2023;GRAVAMEN LEY 25413 S/CRED;-36.00;;37456930.29
25/01/2023;REG.REC.SIRCREB;-84.00;;37456846.29
25/01/2023;GRAVAMEN LEY 25413 S/CRED;-314.12;;37456532.17
25/01/2023;REG.REC.SIRCREB;-732.95;;37455799.22
25/01/2023;GRAVAMEN LEY 25413 S/CRED;-122.47;;37455676.75
25/01/2023;REG.REC.SIRCREB;-285.77;;37455390.98
25/01/2023;GRAVAMEN LEY 25413 S/CRED;-55.67;;37455335.31
25/01/2023;REG.REC.SIRCREB;-129.89;;37455205.42
25/01/2023;GRAVAMEN LEY 25413 S/CRED;-157.55;;37455047.87
25/01/2023;REG.REC.SIRCREB;-367.61;;37454680.26
25/01/2023;GRAVAMEN LEY 25413 S/CRED;-78.00;;37454602.26
25/01/2023;REG.REC.SIRCREB;-182.00;;37454420.26
25/01/2023;GRAVAMEN LEY 25413 S/DEB;-23.88;;37433880.62
25/01/2023;GRAVAMEN LEY 25413 S/DEB;-1.15;;37433879.47
25/01/2023;GRAVAMEN LEY 25413 S/DEB;-1.35;;37433878.12
25/01/2023;GRAVAMEN LEY 25413 S/DEB;-1.57;;37433876.55
25/01/2023;GRAVAMEN LEY 25413 S/DEB;-1.19;;37433875.36
25/01/2023;TRANSF. VAR 20240937191;23344.61;;37295414.26
25/01/2023;TRANSF. VAR 23224180349 ABBATE JOSE LUIS;48579.58;;37343993.84
25/01/2023;TRANSF. VAR 27329726865;24106.69;;37368100.53
25/01/2023;TRANSF. VAR 20291324607;14115.00;;37382215.53
25/01/2023;TRANSF. VAR 23333798379;26254.40;;37408469.93
25/01/2023;TRANSF. VAR 23936887929;15133.33;;37423603.26
25/01/2023;TRANSF. VAR 27281195722;86086.61;;37509689.87
25/01/2023;TRANSF. VAR 20315601054;11710.00;;37521399.87
25/01/2023;TRANSF. VAR 20349588456;8105.00;;37529504.87
25/01/2023;TRANSF. VAR 27281195722;21752.87;;37551257.74
25/01/2023;TRANSF. VAR 20329893546;40846.00;;37592103.74
25/01/2023;GRAVAMEN LEY 25413 S/DEB;-40735.11;;37551368.63
25/01/2023;GRAVAMEN LEY 25413 S/DEB;-15284.93;;37536083.70
25/01/2023;GRAVAMEN LEY 25413 S/CRED;-99.11;;37535984.59
25/01/2023;REG.REC.SIRCREB;-231.27;;37535753.32
25/01/2023;GRAVAMEN LEY 25413 S/CRED;-522.86;;37535230.46
25/01/2023;REG.REC.SIRCREB;-1220.00;;37534010.46
25/01/2023;GRAVAMEN LEY 25413 S/CRED;-44.04;;37533966.42
25/01/2023;REG.REC.SIRCREB;-102.76;;37533863.66
25/01/2023;GRAVAMEN LEY 25413 S/CRED;-194.81;;37533668.85
25/01/2023;REG.REC.SIRCREB;-454.55;;37533214.30
25/01/2023;GRAVAMEN LEY 25413 S/CRED;-391.69;;37532822.61
25/01/2023;REG.REC.SIRCREB;-913.93;;37531908.68
25/01/2023;GRAVAMEN LEY 25413 S/CRED;-51.31;;37531857.37
25/01/2023;GRAVAMEN LEY 25413 S/DEB;-0.83;;37433874.53
25/01/2023;REG.REC.SIRCREB;-191.04;;37448462.80
25/01/2023;GRAVAMEN LEY 25413 S/CRED;-96.71;;37448366.09
25/01/2023;REG.REC.SIRCREB;-225.66;;37448140.43
25/01/2023;GRAVAMEN LEY 25413 S/DEB;-2.83;;37433871.70
25/01/2023;GRAVAMEN LEY 25413 S/CRED;-112.04;;37448028.39
25/01/2023;REG.REC.SIRCREB;-261.42;;37447766.97
25/01/2023;GRAVAMEN LEY 25413 S/CRED;-85.27;;37447681.70
25/01/2023;REG.REC.SIRCREB;-198.97;;37447482.73
25/01/2023;GRAVAMEN LEY 25413 S/CRED;-59.00;;37447423.73
25/01/2023;REG.REC.SIRCREB;-137.66;;37447286.07
25/01/2023;GRAVAMEN LEY 25413 S/CRED;-202.00;;37447084.07
25/01/2023;REG.REC.SIRCREB;-471.32;;37446612.75
25/01/2023;GRAVAMEN LEY 25413 S/CRED;-55.61;;37446557.14
25/01/2023;REG.REC.SIRCREB;-129.75;;37446427.39
25/01/2023;GRAVAMEN LEY 25413 S/CRED;-171.33;;37446256.06
25/01/2023;REG.REC.SIRCREB;-399.77;;37445856.29
25/01/2023;GRAVAMEN LEY 25413 S/CRED;-110.02;;37445746.27
25/01/2023;REG.REC.SIRCREB;-256.70;;37445489.57
25/01/2023;GRAVAMEN LEY 25413 S/CRED;-188.29;;37445301.28
25/01/2023;REG.REC.SIRCREB;-439.35;;37444861.93
25/01/2023;GRAVAMEN LEY 25413 S/CRED;-46.21;;37444815.72
25/01/2023;REG.REC.SIRCREB;-107.81;;37444707.91
25/01/2023;GRAVAMEN LEY 25413 S/CRED;-38.16;;37444669.75
25/01/2023;REG.REC.SIRCREB;-89.03;;37444580.72
25/01/2023;GRAVAMEN LEY 25413 S/CRED;-92.17;;37444488.55
25/01/2023;REG.REC.SIRCREB;-215.07;;37444273.48
25/01/2023;GRAVAMEN LEY 25413 S/CRED;-44.29;;37444229.19
25/01/2023;REG.REC.SIRCREB;-103.35;;37444125.84
25/01/2023;GRAVAMEN LEY 25413 S/CRED;-25.32;;37444100.52
25/01/2023;REG.REC.SIRCREB;-59.08;;37444041.44
25/01/2023;GRAVAMEN LEY 25413 S/CRED;-88.52;;37443952.92
25/01/2023;REG.REC.SIRCREB;-206.56;;37443746.36
25/01/2023;GRAVAMEN LEY 25413 S/CRED;-605.54;;37443140.82
25/01/2023;REG.REC.SIRCREB;-1412.94;;37441727.88
25/01/2023;TRANSF. VAR 27242150452;16519.00;;32516811.88
25/01/2023;REG.REC.SIRCREB;-337.49;;37438727.56
25/01/2023;GRAVAMEN LEY 25413 S/CRED;-84.69;;37438642.87
25/01/2023;REG.REC.SIRCREB;-197.61;;37438445.26
25/01/2023;GRAVAMEN LEY 25413 S/CRED;-157.53;;37438287.73
25/01/2023;REG.REC.SIRCREB;-367.56;;37437920.17
25/01/2023;GRAVAMEN LEY 25413 S/CRED;-90.80;;37437829.37
25/01/2023;REG.REC.SIRCREB;-211.87;;37437617.50
25/01/2023;GRAVAMEN LEY 25413 S/CRED;-516.52;;37437100.98
25/01/2023;REG.REC.SIRCREB;-1205.21;;37435895.77
25/01/2023;GRAVAMEN LEY 25413 S/CRED;-70.26;;37435825.51
25/01/2023;REG.REC.SIRCREB;-163.94;;37435661.57
25/01/2023;GRAVAMEN LEY 25413 S/CRED;-48.63;;37435612.94
25/01/2023;REG.REC.SIRCREB;-113.47;;37435499.47
25/01/2023;GRAVAMEN LEY 25413 S/CRED;-130.52;;37435368.95
25/01/2023;REG.REC.SIRCREB;-304.54;;37435064.41
25/01/2023;GRAVAMEN LEY 25413 S/CRED;-245.08;;37434819.33
25/01/2023;REG.REC.SIRCREB;-571.84;;37434247.49
25/01/2023;GRAVAMEN LEY 25413 S/DEB;-1.39;;37434246.10
25/01/2023;GRAVAMEN LEY 25413 S/DEB;-7.32;;37434238.78
25/01/2023;GRAVAMEN LEY 25413 S/DEB;-0.62;;37434238.16
25/01/2023;TRANSF. VAR 23169263639;16118.64;;36897456.34
25/01/2023;TRANSF. VAR 20274321912;18673.00;;36916129.34
25/01/2023;TRANSF. VAR 27190503912;14212.00;;36930341.34
25/01/2023;TRANSF. VAR 20241453805;9833.00;;36940174.34
25/01/2023;GRAVAMEN LEY 25413 S/DEB;-2.73;;37434235.43
25/01/2023;GRAVAMEN LEY 25413 S/DEB;-5.48;;37434229.95
25/01/2023;GRAVAMEN LEY 25413 S/DEB;-0.72;;37434229.23
25/01/2023;GRAVAMEN LEY 25413 S/DEB;-2.60;;37434226.63
25/01/2023;GRAVAMEN LEY 25413 S/DEB;-1.01;;37434225.62
25/01/2023;TRANSF. VAR 23951099619;33666.00;;36973840.34
25/01/2023;TRANSF. VAR 27381747617;9268.00;;36983108.34
25/01/2023;TRANSF. VAR 20954560245 MARTINEZ B  DAVID;28555.26;;37011663.60
25/01/2023;TRANSF. VAR 27306492301 LENCURA/NANCY B;18336.00;;37029999.60
25/01/2023;TRANSF. FAC 27326947240 FARIAS  CRISTINA S;31382.42;;37061382.02
25/01/2023;TRANSF. VAR 27300748142;7701.02;;37069083.04
25/01/2023;TRANSF. VAR 20219911026;6359.38;;37075442.42
25/01/2023;TRANSF. VAR 24227307850;15362.00;;37090804.42
25/01/2023;TRANSF. VAR 27272554043;7382.00;;37098186.42
25/01/2023;TRANSF. VAR 20390755113;4220.00;;37102406.42
25/01/2023;TRANSF. VAR 27958130770 LUSINDA APARICIO HUANC;14754.00;;37117160.42
25/01/2023;TRANSF. VAR 20944638319;87143.00;;32603954.88
25/01/2023;TRANSF. VAR 20361371306;7339.94;;32611294.82
25/01/2023;TRANSF. VAR 27228661169 VAZQUEZ, ROSSANA CARIN;100924.00;;37218084.42
25/01/2023;TRANSF. VAR 20243926905;22154.00;;37240238.42
25/01/2023;TRANSF. 20286953353 MENDEZ, DIEGO EZEQUIEL;32467.96;;32643762.78
25/01/2023;GRAVAMEN LEY 25413 S/DEB;-1.36;;37434224.26
25/01/2023;GRAVAMEN LEY 25413 S/DEB;-3.61;;37434220.65
25/01/2023;GRAVAMEN LEY 25413 S/DEB;-8.72;;37434211.93
25/01/2023;GRAVAMEN LEY 25413 S/DEB;-2.95;;37434208.98
25/01/2023;GRAVAMEN LEY 25413 S/DEB;-130.20;;37434078.78
25/01/2023;GRAVAMEN LEY 25413 S/DEB;-4.74;;37434074.04
25/01/2023;GRAVAMEN LEY 25413 S/DEB;-4.44;;37434069.60
25/01/2023;GRAVAMEN LEY 25413 S/DEB;-2.13;;37434067.47
25/01/2023;GRAVAMEN LEY 25413 S/DEB;-2.77;;37434064.70
25/01/2023;GRAVAMEN LEY 25413 S/DEB;-145.31;;37433919.39
25/01/2023;GRAVAMEN LEY 25413 S/DEB;-4.20;;37433915.19
25/01/2023;GRAVAMEN LEY 25413 S/DEB;-0.50;;37433914.69
25/01/2023;GRAVAMEN LEY 25413 S/DEB;-4.40;;37433910.29
25/01/2023;GRAVAMEN LEY 25413 S/DEB;-1.71;;37433908.58
25/01/2023;GRAVAMEN LEY 25413 S/DEB;-0.78;;37433907.80
25/01/2023;GRAVAMEN LEY 25413 S/DEB;-2.21;;37433905.59
25/01/2023;GRAVAMEN LEY 25413 S/DEB;-1.09;;37433904.50
25/01/2023;TRANSF. VAR 20230397962 COLQUE, LUIS ALBERTO;31831.23;;37272069.65
24/01/2023;GRAVAMEN LEY 25413 S/DEB;-2.48;;41836999.78
24/01/2023;GRAVAMEN LEY 25413 S/DEB;-2.91;;41836996.87
24/01/2023;GRAVAMEN LEY 25413 S/DEB;-2.91;;41836993.96
24/01/2023;GRAVAMEN LEY 25413 S/DEB;-16.91;;41836977.05
24/01/2023;GRAVAMEN LEY 25413 S/DEB;-9.97;;41836967.08
24/01/2023;GRAVAMEN LEY 25413 S/DEB;-1.34;;41837076.61
24/01/2023;GRAVAMEN LEY 25413 S/DEB;-2.12;;41837074.49
24/01/2023;GRAVAMEN LEY 25413 S/DEB;-1.87;;41837072.62
24/01/2023;GRAVAMEN LEY 25413 S/DEB;-1.73;;41837070.89
24/01/2023;GRAVAMEN LEY 25413 S/DEB;-3.96;;41837066.93
24/01/2023;TRANSF. VAR 27299207949 D OLIVO, LORENA PAOLA;8820.76;;40052132.74
24/01/2023;TRANSF. VAR 20323853607;4313.00;;39967986.97
24/01/2023;TRANSF. VAR 27335374849;46796.44;;40014783.41
24/01/2023;TRANSF. VAR 20356009062 CABEZAS JORGE LUIS;25807.26;;40040590.67
24/01/2023;TRANSF. VAR 27228661827;10214.00;;40050804.67
24/01/2023;TRANSF. 30715403524 MERCADOS PATAGONICOS S.R.L;33435.12;;40084239.79
24/01/2023;TRANSF. VAR 20279147724;9572.00;;40093811.79
24/01/2023;TRANSF. FAC 27941558602 MOYA JAQUELIN CAROLA;66821.00;;40160632.79
24/01/2023;TRANSF. 30714752223 HUARACHI Y VASQUEZ S.H;77646.33;;40129779.07
24/01/2023;TRANSF. FAC 23180845879 AUGUSTO, DANIEL HUGO;300000.00;;40429779.07
24/01/2023;TRANSF. FAC 23180845879 AUGUSTO  DANIEL H;300000.00;;40729779.07
24/01/2023;TRANSF. FAC 30708754877 PROSUR SA;8783.45;;40738562.52
24/01/2023;TRANSF. VAR 20265791221;17300.00;;40755862.52
24/01/2023;TRANSF. VAR 20940074887;36544.00;;40197176.79
24/01/2023;TRANSF. FAC 20263505140 AIZA OSCAR HUGO;34861.00;;41096563.26
24/01/2023;TRANSF. VAR 20340513720;37664.00;;41134227.26
24/01/2023;TRANSF. VAR 20149248839;5830.00;;41140057.26
24/01/2023;TRANSF. VAR 27949215194;16164.00;;41156221.26
24/01/2023;TRANSF. FAC 27315918664 LEPORI, CINTIA ANAHI;12023.00;;41168244.26
24/01/2023;CR. TR. FACTURAS-FAC     -SUC 0001;174973.93;;41343218.19
24/01/2023;GRAVAMEN LEY 25413 S/CRED;-177.42;;41845497.07
24/01/2023;GRAVAMEN LEY 25413 S/CRED;-200.61;;41874033.02
24/01/2023;REG.REC.SIRCREB;-468.09;;41873564.93
24/01/2023;GRAVAMEN LEY 25413 S/CRED;-57.43;;41873507.50
24/01/2023;REG.REC.SIRCREB;-134.01;;41873373.49
24/01/2023;GRAVAMEN LEY 25413 S/CRED;-400.93;;41872972.56
24/01/2023;REG.REC.SIRCREB;-935.49;;41872037.07
24/01/2023;GRAVAMEN LEY 25413 S/CRED;-219.26;;41871817.81
24/01/2023;REG.REC.SIRCREB;-511.62;;41871306.19
24/01/2023;GRAVAMEN LEY 25413 S/CRED;-68.04;;41871238.15
24/01/2023;REG.REC.SIRCREB;-158.76;;41871079.39
24/01/2023;GRAVAMEN LEY 25413 S/CRED;-80.07;;41870999.32
24/01/2023;REG.REC.SIRCREB;-186.82;;41870812.50
24/01/2023;GRAVAMEN LEY 25413 S/CRED;-264.30;;41870548.20
24/01/2023;REG.REC.SIRCREB;-616.70;;41869931.50
24/01/2023;GRAVAMEN LEY 25413 S/CRED;-60.47;;41869871.03
24/01/2023;REG.REC.SIRCREB;-141.09;;41869729.94
24/01/2023;GRAVAMEN LEY 25413 S/CRED;-517.56;;41869212.38
24/01/2023;REG.REC.SIRCREB;-1207.64;;41868004.74
24/01/2023;GRAVAMEN LEY 25413 S/CRED;-126.63;;41867878.11
24/01/2023;REG.REC.SIRCREB;-295.47;;41867582.64
24/01/2023;GRAVAMEN LEY 25413 S/CRED;-745.24;;41866837.40
24/01/2023;REG.REC.SIRCREB;-1738.88;;41865098.52
24/01/2023;GRAVAMEN LEY 25413 S/CRED;-151.82;;41864946.70
24/01/2023;REG.REC.SIRCREB;-354.25;;41864592.45
24/01/2023;GRAVAMEN LEY 25413 S/CRED;-270.00;;41864322.45
24/01/2023;REG.REC.SIRCREB;-630.00;;41863692.45
24/01/2023;GRAVAMEN LEY 25413 S/CRED;-96.00;;41863596.45
24/01/2023;REG.REC.SIRCREB;-224.00;;41863372.45
24/01/2023;GRAVAMEN LEY 25413 S/CRED;-151.17;;41863221.28
24/01/2023;GRAVAMEN LEY 25413 S/CRED;-712.05;;41838957.18
24/01/2023;REG.REC.SIRCREB;-1661.44;;41837295.74
24/01/2023;GRAVAMEN LEY 25413 S/DEB;-0.74;;41837295.00
24/01/2023;GRAVAMEN LEY 25413 S/DEB;-6.52;;41837288.48
24/01/2023;GRAVAMEN LEY 25413 S/DEB;-25.20;;41837263.28
24/01/2023;GRAVAMEN LEY 25413 S/DEB;-25.20;;41837238.08
24/01/2023;GRAVAMEN LEY 25413 S/DEB;-1.45;;41837236.63
24/01/2023;GRAVAMEN LEY 25413 S/DEB;-2.50;;41837234.13
24/01/2023;GRAVAMEN LEY 25413 S/DEB;-14.30;;41837219.83
24/01/2023;GRAVAMEN LEY 25413 S/DEB;-89.48;;41837130.35
24/01/2023;GRAVAMEN LEY 25413 S/DEB;-0.27;;41837130.08
24/01/2023;GRAVAMEN LEY 25413 S/DEB;-0.54;;41837129.54
24/01/2023;GRAVAMEN LEY 25413 S/DEB;-0.36;;41837129.18
24/01/2023;GRAVAMEN LEY 25413 S/DEB;-3.93;;41837125.25
24/01/2023;GRAVAMEN LEY 25413 S/DEB;-2.17;;41837123.08
24/01/2023;GRAVAMEN LEY 25413 S/DEB;-0.86;;41837122.22
24/01/2023;GRAVAMEN LEY 25413 S/DEB;-2.81;;41837119.41
24/01/2023;GRAVAMEN LEY 25413 S/DEB;-0.80;;41837118.61
24/01/2023;GRAVAMEN LEY 25413 S/DEB;-5.61;;41837113.00
24/01/2023;GRAVAMEN LEY 25413 S/DEB;-3.07;;41837109.93
24/01/2023;GRAVAMEN LEY 25413 S/DEB;-0.95;;41837108.98
24/01/2023;GRAVAMEN LEY 25413 S/DEB;-1.12;;41837107.86
24/01/2023;GRAVAMEN LEY 25413 S/DEB;-3.70;;41837104.16
24/01/2023;REG.REC.SIRCREB;-655.15;;41874954.05
24/01/2023;GRAVAMEN LEY 25413 S/CRED;-154.84;;41874799.21
24/01/2023;REG.REC.SIRCREB;-361.30;;41874437.91
24/01/2023;GRAVAMEN LEY 25413 S/CRED;-61.28;;41874376.63
24/01/2023;REG.REC.SIRCREB;-143.00;;41874233.63
24/01/2023;GRAVAMEN LEY 25413 S/DEB;-0.85;;41837103.31
24/01/2023;GRAVAMEN LEY 25413 S/DEB;-7.25;;41837096.06
24/01/2023;GRAVAMEN LEY 25413 S/DEB;-1.77;;41837094.29
24/01/2023;GRAVAMEN LEY 25413 S/CRED;-268.47;;41859348.60
24/01/2023;REG.REC.SIRCREB;-626.43;;41858722.17
24/01/2023;GRAVAMEN LEY 25413 S/CRED;-39.48;;41858682.69
24/01/2023;REG.REC.SIRCREB;-92.13;;41858590.56
24/01/2023;GRAVAMEN LEY 25413 S/DEB;-10.43;;41837083.86
24/01/2023;GRAVAMEN LEY 25413 S/DEB;-2.13;;41837081.73
24/01/2023;GRAVAMEN LEY 25413 S/CRED;-126.42;;41858464.14
24/01/2023;REG.REC.SIRCREB;-294.98;;41858169.16
24/01/2023;GRAVAMEN LEY 25413 S/CRED;-18.23;;41858150.93
24/01/2023;REG.REC.SIRCREB;-42.53;;41858108.40
24/01/2023;GRAVAMEN LEY 25413 S/CRED;-314.13;;41857794.27
24/01/2023;REG.REC.SIRCREB;-732.97;;41857061.30
24/01/2023;GRAVAMEN LEY 25413 S/CRED;-120.72;;41856940.58
24/01/2023;REG.REC.SIRCREB;-281.69;;41856658.89
24/01/2023;GRAVAMEN LEY 25413 S/CRED;-104.79;;41856554.10
24/01/2023;REG.REC.SIRCREB;-244.52;;41856309.58
24/01/2023;GRAVAMEN LEY 25413 S/CRED;-120.00;;41856189.58
24/01/2023;REG.REC.SIRCREB;-280.00;;41855909.58
24/01/2023;GRAVAMEN LEY 25413 S/CRED;-183.11;;41855726.47
24/01/2023;REG.REC.SIRCREB;-427.25;;41855299.22
24/01/2023;GRAVAMEN LEY 25413 S/DEB;-2.56;;41837042.69
24/01/2023;GRAVAMEN LEY 25413 S/DEB;-2.87;;41837039.82
24/01/2023;GRAVAMEN LEY 25413 S/DEB;-3.16;;41837036.66
24/01/2023;GRAVAMEN LEY 25413 S/DEB;-0.49;;41837036.17
24/01/2023;GRAVAMEN LEY 25413 S/DEB;-1.36;;41837034.81
24/01/2023;GRAVAMEN LEY 25413 S/DEB;-1.01;;41837033.80
24/01/2023;GRAVAMEN LEY 25413 S/DEB;-14.70;;41837019.10
24/01/2023;GRAVAMEN LEY 25413 S/DEB;-3.55;;41837015.55
24/01/2023;GRAVAMEN LEY 25413 S/DEB;-1.07;;41837014.48
24/01/2023;GRAVAMEN LEY 25413 S/DEB;-0.90;;41837013.58
24/01/2023;GRAVAMEN LEY 25413 S/DEB;-0.31;;41837013.27
24/01/2023;GRAVAMEN LEY 25413 S/DEB;-2.56;;41837010.71
24/01/2023;GRAVAMEN LEY 25413 S/DEB;-8.45;;41837002.26
24/01/2023;TRANSF. VAR 27146673037;3038.00;;40887136.27
24/01/2023;TRANSF. VAR 30717885224;52355.00;;40939491.27
24/01/2023;TRANSF. FAC 27930478836 AVALOS  PRIMA;20120.56;;40959611.83
24/01/2023;TRANSF. VAR 27333765395;17465.43;;40977077.26
24/01/2023;TRANSF. VAR 23315441269;20000.00;;40997077.26
24/01/2023;TRANSF. VAR 20180845977;30518.00;;41027595.26
24/01/2023;TRANSF. FAC 27326947240 FARIAS  CRISTINA S;34107.00;;41061702.26
24/01/2023;REG.REC.SIRCREB;-352.73;;41862868.55
24/01/2023;GRAVAMEN LEY 25413 S/CRED;-133.52;;41862735.03
24/01/2023;REG.REC.SIRCREB;-311.56;;41862423.47
24/01/2023;GRAVAMEN LEY 25413 S/CRED;-123.26;;41862300.21
24/01/2023;REG.REC.SIRCREB;-287.61;;41862012.60
24/01/2023;GRAVAMEN LEY 25413 S/CRED;-282.76;;41861729.84
24/01/2023;REG.REC.SIRCREB;-659.78;;41861070.06
24/01/2023;GRAVAMEN LEY 25413 S/CRED;-99.46;;41860970.60
24/01/2023;REG.REC.SIRCREB;-232.08;;41860738.52
24/01/2023;GRAVAMEN LEY 25413 S/CRED;-265.09;;41860473.43
24/01/2023;REG.REC.SIRCREB;-618.53;;41859854.90
24/01/2023;GRAVAMEN LEY 25413 S/CRED;-71.35;;41859783.55
24/01/2023;REG.REC.SIRCREB;-166.48;;41859617.07
24/01/2023;REG.REC.SIRCREB;-413.98;;41845083.09
24/01/2023;TRANSF. FAC 20213841875;42277.76;;41385495.95
24/01/2023;TRANSF. VAR 27947503826;12706.00;;41398201.95
24/01/2023;TRANSF. VAR 20235664608;10703.75;;41408905.70
24/01/2023;TRANSF. VAR 27340494224;3680.00;;41412585.70
24/01/2023;TRANSF. VAR 20941488693 MAMANI V  SERGIO;30463.26;;41443048.96
24/01/2023;TRANSF. VAR 27228661169 VAZQUEZ, ROSSANA CARIN;100643.32;;41543692.28
24/01/2023;TRANSF. FAC 27942361241 APARICIO HUANCA BERTHA;29570.00;;41573262.28
24/01/2023;CR DEBIN SPOT            -LINK;34680.00;;41607942.28
24/01/2023;TRANSF. VAR 23954035719;34680.00;;41642622.28
24/01/2023;TRANSF. VAR 27216609099;201333.00;;41843955.28
24/01/2023;TRANSF. FAC 23341076714 COLIMEDAGLIA, AGOSTINA;118674.58;;41962629.86
24/01/2023;AJUSTE RED LINK;-34680.00;;41927949.86
24/01/2023;GRAVAMEN LEY 25413 S/CRED;-52.92;;41927896.94
24/01/2023;REG.REC.SIRCREB;-123.49;;41927773.45
24/01/2023;GRAVAMEN LEY 25413 S/CRED;-465.88;;41927307.57
24/01/2023;REG.REC.SIRCREB;-1087.05;;41926220.52
24/01/2023;GRAVAMEN LEY 25413 S/CRED;-1800.00;;41924420.52
24/01/2023;REG.REC.SIRCREB;-4200.00;;41920220.52
24/01/2023;GRAVAMEN LEY 25413 S/CRED;-1800.00;;41918420.52
24/01/2023;REG.REC.SIRCREB;-4200.00;;41914220.52
24/01/2023;GRAVAMEN LEY 25413 S/CRED;-103.80;;41914116.72
24/01/2023;REG.REC.SIRCREB;-242.20;;41913874.52
24/01/2023;GRAVAMEN LEY 25413 S/CRED;-178.84;;41913695.68
24/01/2023;REG.REC.SIRCREB;-417.30;;41913278.38
24/01/2023;GRAVAMEN LEY 25413 S/CRED;-1021.11;;41912257.27
24/01/2023;REG.REC.SIRCREB;-2382.59;;41909874.68
24/01/2023;GRAVAMEN LEY 25413 S/CRED;-6391.20;;41903483.48
24/01/2023;REG.REC.SIRCREB;-14912.80;;41888570.68
24/01/2023;GRAVAMEN LEY 25413 S/DEB;-11666.26;;41876904.42
24/01/2023;GRAVAMEN LEY 25413 S/DEB;-735.75;;41876168.67
24/01/2023;GRAVAMEN LEY 25413 S/CRED;-19.21;;41876149.46
24/01/2023;REG.REC.SIRCREB;-44.82;;41876104.64
24/01/2023;GRAVAMEN LEY 25413 S/CRED;-38.52;;41876066.12
24/01/2023;REG.REC.SIRCREB;-89.88;;41875976.24
24/01/2023;GRAVAMEN LEY 25413 S/CRED;-25.88;;41875950.36
24/01/2023;REG.REC.SIRCREB;-60.38;;41875889.98
24/01/2023;GRAVAMEN LEY 25413 S/CRED;-208.08;;41844875.01
24/01/2023;REG.REC.SIRCREB;-485.52;;41844389.49
24/01/2023;GRAVAMEN LEY 25413 S/CRED;-208.08;;41844181.41
24/01/2023;REG.REC.SIRCREB;-485.52;;41843695.89
24/01/2023;GRAVAMEN LEY 25413 S/CRED;-1208.00;;41842487.89
24/01/2023;GRAVAMEN LEY 25413 S/CRED;-280.78;;41875609.20
24/01/2023;REG.REC.SIRCREB;-2818.66;;41839669.23
24/01/2023;GRAVAMEN LEY 25413 S/CRED;-204.64;;41855094.58
24/01/2023;REG.REC.SIRCREB;-477.50;;41854617.08
24/01/2023;GRAVAMEN LEY 25413 S/CRED;-225.98;;41854391.10
24/01/2023;REG.REC.SIRCREB;-527.30;;41853863.80
24/01/2023;GRAVAMEN LEY 25413 S/CRED;-34.98;;41853828.82
24/01/2023;REG.REC.SIRCREB;-81.62;;41853747.20
24/01/2023;GRAVAMEN LEY 25413 S/CRED;-96.98;;41853650.22
24/01/2023;REG.REC.SIRCREB;-226.30;;41853423.92
24/01/2023;GRAVAMEN LEY 25413 S/CRED;-72.14;;41853351.78
24/01/2023;REG.REC.SIRCREB;-168.32;;41853183.46
24/01/2023;GRAVAMEN LEY 25413 S/CRED;-1049.84;;41852133.62
24/01/2023;REG.REC.SIRCREB;-2449.64;;41849683.98
24/01/2023;GRAVAMEN LEY 25413 S/CRED;-253.67;;41849430.31
24/01/2023;REG.REC.SIRCREB;-591.89;;41848838.42
24/01/2023;GRAVAMEN LEY 25413 S/CRED;-76.24;;41848762.18
24/01/2023;REG.REC.SIRCREB;-177.88;;41848584.30
24/01/2023;GRAVAMEN LEY 25413 S/CRED;-64.22;;41848520.08
24/01/2023;REG.REC.SIRCREB;-149.85;;41848370.23
24/01/2023;GRAVAMEN LEY 25413 S/CRED;-22.08;;41848348.15
24/01/2023;REG.REC.SIRCREB;-51.52;;41848296.63
24/01/2023;GRAVAMEN LEY 25413 S/CRED;-182.78;;41848113.85
24/01/2023;REG.REC.SIRCREB;-426.49;;41847687.36
24/01/2023;GRAVAMEN LEY 25413 S/CRED;-603.86;;41847083.50
24/01/2023;REG.REC.SIRCREB;-1409.01;;41845674.49
24/01/2023;GRAVAMEN LEY 25413 S/DEB;-3.78;;41837077.95
24/01/2023;GRAVAMEN LEY 25413 S/DEB;-1.39;;41837065.54
24/01/2023;GRAVAMEN LEY 25413 S/DEB;-3.71;;41837061.83
24/01/2023;GRAVAMEN LEY 25413 S/DEB;-1.00;;41837060.83
24/01/2023;GRAVAMEN LEY 25413 S/DEB;-3.76;;41837057.07
24/01/2023;GRAVAMEN LEY 25413 S/DEB;-0.55;;41837056.52
24/01/2023;GRAVAMEN LEY 25413 S/DEB;-1.77;;41837054.75
24/01/2023;GRAVAMEN LEY 25413 S/DEB;-0.26;;41837054.49
24/01/2023;GRAVAMEN LEY 25413 S/DEB;-4.40;;41837050.09
24/01/2023;GRAVAMEN LEY 25413 S/DEB;-1.69;;41837048.40
24/01/2023;GRAVAMEN LEY 25413 S/DEB;-1.47;;41837046.93
24/01/2023;GRAVAMEN LEY 25413 S/DEB;-1.68;;41837045.25
24/01/2023;TRANSF. VAR 20364454857;11340.00;;40208516.79
24/01/2023;TRANSF. VAR 23169263639;13344.60;;40221861.39
24/01/2023;TRANSF. VAR 20174987182;44050.00;;40265911.39
24/01/2023;TRANSF. VAR 27161226950;10078.00;;40275989.39
24/01/2023;TRANSF. VAR 27252249953;86260.00;;40362249.39
24/01/2023;TRANSF. VAR 23943370184;21105.16;;40383354.55
24/01/2023;TRANSF. VAR 23175365869;124205.97;;40507560.52
24/01/2023;TRANSF. VAR 27941089467 APARICIO HUANCA SANDRA;25303.60;;40532864.12
24/01/2023;TRANSF. VAR 27941054574;45000.00;;40577864.12
24/01/2023;TRANSF. VAR 20149248839;16000.00;;40593864.12
24/01/2023;TRANSF. FAC 23243612349 OCHOA ADOLFO RAUL;30069.00;;40623933.12
24/01/2023;TRANSF. VAR 27396468293;25195.00;;40649128.12
24/01/2023;TRANSF. VAR 20243926905;22254.00;;40671382.12
24/01/2023;TRANSF. VAR 27284146269 CHOROLQUE  ANDREA C;20543.86;;40691925.98
24/01/2023;TRANSF. VAR 20340513720;47127.00;;40739052.98
24/01/2023;TRANSF. VAR 23345804129 AZAROFF, LEANDRO DAMIA;29806.83;;40785669.35
24/01/2023;TRANSF. FAC 27335783595 HUARACHI JUANA GRACIEL;170185.05;;40955854.40
24/01/2023;DEP.EFVO.INTERS.         -SUC 3100;1065200.00;;42021054.40
24/01/2023;TRANSF. FAC 30648060846;-1944376.20;;40076678.20
24/01/2023;TRANSF. FAC 30672897277;-122625.71;;39954052.49
24/01/2023;TRANSF. VAR 20055166324;3201.48;;39957253.97
24/01/2023;TRANSF. VAR 27333687572 GOMEZ, CARLA ESTEFANIA;6420.00;;39963673.97
24/01/2023;TRANSF. VAR 27272554043;16577.00;;40755629.98
24/01/2023;TRANSF. FAC 20940661499 MARQUEZ CARDOZO ALDO S;44181.00;;40799810.98
24/01/2023;TRANSF. VAR 27411785543;11891.67;;40811702.65
24/01/2023;TRANSF. VAR 27237891800;44745.00;;40856447.65
24/01/2023;TRANSF. VAR 27299200073;6580.62;;40863028.27
24/01/2023;TRANSF. VAR 27393552927;21070.00;;40884098.27
23/01/2023;GRAVAMEN LEY 25413 S/CRED;-225.10;;40072951.74
23/01/2023;REG.REC.SIRCREB;-525.24;;40072426.50
23/01/2023;GRAVAMEN LEY 25413 S/CRED;-68.40;;40072358.10
23/01/2023;REG.REC.SIRCREB;-159.60;;40072198.50
23/01/2023;GRAVAMEN LEY 25413 S/CRED;-174.53;;40072023.97
23/01/2023;GRAVAMEN LEY 25413 S/DEB;-0.56;;40043483.18
23/01/2023;GRAVAMEN LEY 25413 S/DEB;-1.08;;40043482.10
23/01/2023;GRAVAMEN LEY 25413 S/DEB;-0.73;;40043481.37
23/01/2023;GRAVAMEN LEY 25413 S/DEB;-5.26;;40043476.11
23/01/2023;GRAVAMEN LEY 25413 S/DEB;-0.27;;40043475.84
23/01/2023;GRAVAMEN LEY 25413 S/DEB;-2.00;;40043473.84
23/01/2023;GRAVAMEN LEY 25413 S/DEB;-3.99;;40043469.85
23/01/2023;GRAVAMEN LEY 25413 S/DEB;-3.59;;40043466.26
23/01/2023;GRAVAMEN LEY 25413 S/DEB;-1.31;;40043464.95
23/01/2023;GRAVAMEN LEY 25413 S/DEB;-4.04;;40043460.91
23/01/2023;GRAVAMEN LEY 25413 S/DEB;-4.00;;40043456.91
23/01/2023;GRAVAMEN LEY 25413 S/DEB;-2.94;;40043453.97
23/01/2023;GRAVAMEN LEY 25413 S/DEB;-1.08;;40043452.89
23/01/2023;GRAVAMEN LEY 25413 S/DEB;-17.88;;40043435.01
23/01/2023;GRAVAMEN LEY 25413 S/DEB;-3.15;;40043431.86
23/01/2023;GRAVAMEN LEY 25413 S/DEB;-0.96;;40043430.90
23/01/2023;GRAVAMEN LEY 25413 S/DEB;-2.44;;40043428.46
23/01/2023;GRAVAMEN LEY 25413 S/DEB;-1.28;;40043427.18
23/01/2023;GRAVAMEN LEY 25413 S/DEB;-2.97;;40043424.21
23/01/2023;GRAVAMEN LEY 25413 S/DEB;-1.18;;40043423.03
23/01/2023;GRAVAMEN LEY 25413 S/DEB;-95.25;;40043327.78
23/01/2023;GRAVAMEN LEY 25413 S/DEB;-11.48;;40043316.30
23/01/2023;GRAVAMEN LEY 25413 S/DEB;-4.32;;40043311.98
23/01/2023;REG.REC.SIRCREB;-122.25;;40084211.97
23/01/2023;GRAVAMEN LEY 25413 S/CRED;-375.49;;40083836.48
23/01/2023;REG.REC.SIRCREB;-876.14;;40082960.34
23/01/2023;TRANSF. VAR 27958130770 LUSINDA APARICIO HUANC;35313.00;;38844243.87
23/01/2023;CR DEBIN SPOT            -LINK;14034.00;;38858277.87
23/01/2023;TRANSF.INT.DIST.TITULAR  -LINK;1133948.00;;39992225.87
23/01/2023;TRANSF.INT.DIST.TITULAR  -BANE;136629.72;;40128855.59
23/01/2023;DEP. CH. 24 HS. BNA;51439.43;;40180295.02
23/01/2023;GRAVAMEN LEY 25413 S/CRED;-77.32;;40180217.70
23/01/2023;REG.REC.SIRCREB;-180.40;;40180037.30
23/01/2023;GRAVAMEN LEY 25413 S/CRED;-470.20;;40179567.10
23/01/2023;REG.REC.SIRCREB;-1097.14;;40178469.96
23/01/2023;GRAVAMEN LEY 25413 S/CRED;-149.04;;40178320.92
23/01/2023;REG.REC.SIRCREB;-347.76;;40177973.16
23/01/2023;GRAVAMEN LEY 25413 S/CRED;-151.40;;40177821.76
23/01/2023;REG.REC.SIRCREB;-353.26;;40177468.50
23/01/2023;GRAVAMEN LEY 25413 S/CRED;-635.34;;40176833.16
23/01/2023;REG.REC.SIRCREB;-1482.46;;40175350.70
23/01/2023;GRAVAMEN LEY 25413 S/CRED;-48.00;;40175302.70
23/01/2023;REG.REC.SIRCREB;-112.00;;40175190.70
23/01/2023;GRAVAMEN LEY 25413 S/CRED;-407.82;;40174782.88
23/01/2023;GRAVAMEN LEY 25413 S/CRED;-19.58;;40082940.76
23/01/2023;REG.REC.SIRCREB;-45.70;;40082895.06
23/01/2023;GRAVAMEN LEY 25413 S/CRED;-143.04;;40082752.02
23/01/2023;REG.REC.SIRCREB;-333.76;;40082418.26
23/01/2023;GRAVAMEN LEY 25413 S/CRED;-284.86;;40082133.40
23/01/2023;REG.REC.SIRCREB;-664.66;;40081468.74
23/01/2023;GRAVAMEN LEY 25413 S/CRED;-256.36;;40081212.38
23/01/2023;REG.REC.SIRCREB;-598.18;;40080614.20
23/01/2023;GRAVAMEN LEY 25413 S/CRED;-93.24;;40080520.96
23/01/2023;REG.REC.SIRCREB;-217.57;;40080303.39
23/01/2023;GRAVAMEN LEY 25413 S/CRED;-288.29;;40080015.10
23/01/2023;REG.REC.SIRCREB;-672.69;;40079342.41
23/01/2023;GRAVAMEN LEY 25413 S/CRED;-285.75;;40079056.66
23/01/2023;REG.REC.SIRCREB;-666.76;;40078389.90
23/01/2023;GRAVAMEN LEY 25413 S/CRED;-209.70;;40078180.20
23/01/2023;REG.REC.SIRCREB;-489.30;;40077690.90
23/01/2023;GRAVAMEN LEY 25413 S/CRED;-77.28;;40077613.62
23/01/2023;REG.REC.SIRCREB;-180.32;;40077433.30
23/01/2023;GRAVAMEN LEY 25413 S/CRED;-1276.94;;40076156.36
23/01/2023;REG.REC.SIRCREB;-2979.52;;40073176.84
23/01/2023;GRAVAMEN LEY 25413 S/DEB;-8.77;;40043784.17
23/01/2023;GRAVAMEN LEY 25413 S/DEB;-4.54;;40043779.63
23/01/2023;GRAVAMEN LEY 25413 S/DEB;-3.34;;40043776.29
23/01/2023;GRAVAMEN LEY 25413 S/DEB;-0.65;;40043775.64
23/01/2023;GRAVAMEN LEY 25413 S/DEB;-1.30;;40043774.34
23/01/2023;GRAVAMEN LEY 25413 S/DEB;-4.39;;40043769.95
23/01/2023;GRAVAMEN LEY 25413 S/DEB;-0.32;;40043769.63
23/01/2023;GRAVAMEN LEY 25413 S/DEB;-1.78;;40043767.85
23/01/2023;GRAVAMEN LEY 25413 S/DEB;-6.36;;40043761.49
23/01/2023;REG.REC.SIRCREB;-477.67;;40086622.04
23/01/2023;GRAVAMEN LEY 25413 S/CRED;-55.27;;40086566.77
23/01/2023;REG.REC.SIRCREB;-128.95;;40086437.82
23/01/2023;GRAVAMEN LEY 25413 S/CRED;-38.66;;40086399.16
23/01/2023;TRANSF. VAR 20243257442;37517.00;;38753215.03
23/01/2023;TRANSF. VAR 27290555790 RAUSCH, INGRID ELIANA;11400.00;;38764615.03
23/01/2023;TRANSF. FAC 27326947240 FARIAS  CRISTINA S;29089.09;;38793704.12
23/01/2023;TRANSF. VAR 23943370184;15226.75;;38808930.87
23/01/2023;REG.REC.SIRCREB;-951.57;;40173831.31
23/01/2023;GRAVAMEN LEY 25413 S/CRED;-32.89;;40173798.42
23/01/2023;REG.REC.SIRCREB;-76.75;;40173721.67
23/01/2023;GRAVAMEN LEY 25413 S/CRED;-110.69;;40173610.98
23/01/2023;REG.REC.SIRCREB;-258.27;;40173352.71
23/01/2023;GRAVAMEN LEY 25413 S/CRED;-30.91;;40173321.80
23/01/2023;REG.REC.SIRCREB;-72.11;;40173249.69
23/01/2023;GRAVAMEN LEY 25413 S/CRED;-61.85;;40173187.84
23/01/2023;REG.REC.SIRCREB;-144.31;;40173043.53
23/01/2023;GRAVAMEN LEY 25413 S/CRED;-90.00;;40172953.53
23/01/2023;REG.REC.SIRCREB;-210.00;;40172743.53
23/01/2023;GRAVAMEN LEY 25413 S/CRED;-153.19;;40172590.34
23/01/2023;REG.REC.SIRCREB;-357.44;;40172232.90
23/01/2023;GRAVAMEN LEY 25413 S/CRED;-77.74;;40172155.16
23/01/2023;REG.REC.SIRCREB;-181.38;;40171973.78
23/01/2023;GRAVAMEN LEY 25413 S/CRED;-238.56;;40171735.22
23/01/2023;REG.REC.SIRCREB;-556.64;;40171178.58
23/01/2023;GRAVAMEN LEY 25413 S/CRED;-110.97;;40171067.61
23/01/2023;REG.REC.SIRCREB;-258.93;;40170808.68
23/01/2023;GRAVAMEN LEY 25413 S/CRED;-3180.00;;40167628.68
23/01/2023;REG.REC.SIRCREB;-90.20;;40086308.96
23/01/2023;GRAVAMEN LEY 25413 S/CRED;-263.94;;40086045.02
23/01/2023;REG.REC.SIRCREB;-615.86;;40085429.16
23/01/2023;GRAVAMEN LEY 25413 S/CRED;-47.08;;40085382.08
23/01/2023;REG.REC.SIRCREB;-109.84;;40085272.24
23/01/2023;GRAVAMEN LEY 25413 S/CRED;-14.32;;40085257.92
23/01/2023;REG.REC.SIRCREB;-33.42;;40085224.50
23/01/2023;GRAVAMEN LEY 25413 S/CRED;-134.37;;40085090.13
23/01/2023;REG.REC.SIRCREB;-313.52;;40084776.61
23/01/2023;GRAVAMEN LEY 25413 S/CRED;-40.17;;40084736.44
23/01/2023;REG.REC.SIRCREB;-93.73;;40084642.71
23/01/2023;GRAVAMEN LEY 25413 S/CRED;-76.83;;40084565.88
23/01/2023;REG.REC.SIRCREB;-179.27;;40084386.61
23/01/2023;GRAVAMEN LEY 25413 S/CRED;-52.39;;40084334.22
23/01/2023;GRAVAMEN LEY 25413 S/DEB;-0.93;;40043760.56
23/01/2023;GRAVAMEN LEY 25413 S/DEB;-10.05;;40043750.51
23/01/2023;GRAVAMEN LEY 25413 S/DEB;-1.65;;40043748.86
23/01/2023;GRAVAMEN LEY 25413 S/DEB;-3.06;;40043745.80
23/01/2023;GRAVAMEN LEY 25413 S/DEB;-3.20;;40043742.60
23/01/2023;GRAVAMEN LEY 25413 S/DEB;-248.24;;40043494.36
23/01/2023;GRAVAMEN LEY 25413 S/DEB;-2.87;;40043491.49
23/01/2023;GRAVAMEN LEY 25413 S/DEB;-0.77;;40043490.72
23/01/2023;GRAVAMEN LEY 25413 S/DEB;-0.54;;40043490.18
23/01/2023;GRAVAMEN LEY 25413 S/DEB;-3.70;;40043486.48
23/01/2023;GRAVAMEN LEY 25413 S/DEB;-0.66;;40043485.82
23/01/2023;GRAVAMEN LEY 25413 S/DEB;-0.20;;40043485.62
23/01/2023;GRAVAMEN LEY 25413 S/DEB;-1.88;;40043483.74
23/01/2023;GRAVAMEN LEY 25413 S/CRED;-313.60;;40153656.35
23/01/2023;REG.REC.SIRCREB;-731.74;;40152924.61
23/01/2023;GRAVAMEN LEY 25413 S/CRED;-22.80;;40152901.81
23/01/2023;REG.REC.SIRCREB;-53.20;;40152848.61
23/01/2023;GRAVAMEN LEY 25413 S/CRED;-127.36;;40152721.25
23/01/2023;REG.REC.SIRCREB;-297.16;;40152424.09
23/01/2023;GRAVAMEN LEY 25413 S/CRED;-454.33;;40151969.76
23/01/2023;REG.REC.SIRCREB;-1060.10;;40150909.66
23/01/2023;GRAVAMEN LEY 25413 S/CRED;-66.42;;40150843.24
23/01/2023;REG.REC.SIRCREB;-154.98;;40150688.26
23/01/2023;GRAVAMEN LEY 25413 S/CRED;-718.17;;40149970.09
23/01/2023;REG.REC.SIRCREB;-1675.73;;40148294.36
23/01/2023;GRAVAMEN LEY 25413 S/CRED;-117.86;;40148176.50
23/01/2023;REG.REC.SIRCREB;-275.00;;40147901.50
23/01/2023;GRAVAMEN LEY 25413 S/CRED;-218.92;;40147682.58
23/01/2023;REG.REC.SIRCREB;-510.82;;40147171.76
23/01/2023;GRAVAMEN LEY 25413 S/CRED;-228.64;;40146943.12
23/01/2023;REG.REC.SIRCREB;-533.49;;40146409.63
23/01/2023;GRAVAMEN LEY 25413 S/CRED;-17731.56;;40128678.07
23/01/2023;REG.REC.SIRCREB;-41373.64;;40087304.43
23/01/2023;GRAVAMEN LEY 25413 S/CRED;-204.72;;40087099.71
23/01/2023;TRANSF. VAR 27928875909;3800.00;;34680081.71
23/01/2023;TRANSF. VAR 27432612533;21226.00;;34701307.71
23/01/2023;TRANSF. VAR 20408248281;75721.39;;34777029.10
23/01/2023;TRANSF. VAR 27261218742;11070.00;;34788099.10
23/01/2023;CR. TR. FACTURAS-FAC     -SUC 0001;119694.86;;34907793.96
23/01/2023;TRANSF. VAR 27946435711;19643.00;;34927436.96
23/01/2023;TRANSF. VAR 23951099619;36487.00;;34963923.96
23/01/2023;TRANSF. FAC 20263505140 AIZA OSCAR HUGO;52028.00;;35015951.96
23/01/2023;TRANSF. FAC 23169263639 KETTE JUAN CARLOS;38106.61;;35054058.57
23/01/2023;DEP.EFVO.INTERS.         -SUC 3100;2955260.00;;38009318.57
23/01/2023;TRANSF. VAR 20190786499;34119.62;;38043438.19
23/01/2023;TRANSF. VAR 20241453805;9211.00;;38052649.19
23/01/2023;TRANSF. VAR 20187472637;6442.62;;38059091.81
23/01/2023;TRANSF. VAR 27947678731;43990.00;;38103081.81
23/01/2023;TRANSF. VAR 20175375407;7846.00;;38110927.81
23/01/2023;TRANSF. VAR 20149248839;2387.00;;38113314.81
23/01/2023;TRANSF. VAR 27396468293;22394.24;;38135709.05
23/01/2023;TRANSF. VAR 20228351424;6695.00;;38142404.05
23/01/2023;TRANSF. FAC 20937674539 ORTEGA RAMIREZ VICTOR;12805.00;;38155209.05
23/01/2023;TRANSF. VAR 27343550842;8732.33;;38163941.38
23/01/2023;TRANSF. VAR 20230397962 COLQUE, LUIS ALBERTO;62581.39;;38226522.77
23/01/2023;TRANSF. VAR 20363027440;3264.00;;38229786.77
23/01/2023;TRANSF. VAR 27943237269;23840.00;;38253626.77
23/01/2023;TRANSF. VAR 27237891800;47476.00;;38301102.77
23/01/2023;TRANSF. VAR 20187060622;42727.00;;38343829.77
23/01/2023;TRANSF. VAR 27941089467 APARICIO HUANCA SANDRA;15540.65;;38359370.42
23/01/2023;TRANSF. VAR 20380928788;48049.00;;38407419.42
23/01/2023;TRANSF. VAR 30715403524;47625.47;;38455044.89
23/01/2023;TRANSF. VAR 20243926905;34950.00;;38489994.89
23/01/2023;TRANSF. VAR 20313927963;12880.28;;38502875.17
23/01/2023;TRANSF. VAR 27335374849;212822.86;;38715698.03
23/01/2023;GRAVAMEN LEY 25413 S/DEB;-1.55;;40043855.75
23/01/2023;GRAVAMEN LEY 25413 S/DEB;-0.43;;40043855.32
23/01/2023;GRAVAMEN LEY 25413 S/DEB;-0.87;;40043854.45
23/01/2023;GRAVAMEN LEY 25413 S/DEB;-1.26;;40043853.19
23/01/2023;GRAVAMEN LEY 25413 S/DEB;-2.14;;40043851.05
23/01/2023;GRAVAMEN LEY 25413 S/DEB;-1.09;;40043849.96
23/01/2023;GRAVAMEN LEY 25413 S/DEB;-3.34;;40043846.62
23/01/2023;GRAVAMEN LEY 25413 S/DEB;-1.55;;40043845.07
23/01/2023;GRAVAMEN LEY 25413 S/DEB;-44.52;;40043800.55
23/01/2023;GRAVAMEN LEY 25413 S/DEB;-2.57;;40043797.98
23/01/2023;GRAVAMEN LEY 25413 S/DEB;-1.92;;40043796.06
23/01/2023;GRAVAMEN LEY 25413 S/DEB;-3.12;;40043792.94
23/01/2023;TRANSF. VAR 27242150452;12886.00;;33320647.14
23/01/2023;REG.REC.SIRCREB;-407.25;;40071616.72
23/01/2023;GRAVAMEN LEY 25413 S/CRED;-91.36;;40071525.36
23/01/2023;REG.REC.SIRCREB;-213.17;;40071312.19
23/01/2023;GRAVAMEN LEY 25413 S/CRED;-211.88;;40071100.31
23/01/2023;REG.REC.SIRCREB;-494.38;;40070605.93
23/01/2023;GRAVAMEN LEY 25413 S/CRED;-84.20;;40070521.73
23/01/2023;REG.REC.SIRCREB;-196.48;;40070325.25
23/01/2023;GRAVAMEN LEY 25413 S/CRED;-6803.69;;40063521.56
23/01/2023;REG.REC.SIRCREB;-15875.27;;40047646.29
23/01/2023;GRAVAMEN LEY 25413 S/CRED;-819.78;;40046826.51
23/01/2023;REG.REC.SIRCREB;-1912.82;;40044913.69
23/01/2023;GRAVAMEN LEY 25413 S/CRED;-308.64;;40044605.05
23/01/2023;REG.REC.SIRCREB;-720.15;;40043884.90
23/01/2023;GRAVAMEN LEY 25413 S/DEB;-1.08;;40043883.82
23/01/2023;GRAVAMEN LEY 25413 S/DEB;-6.58;;40043877.24
23/01/2023;TRANSF. VAR 23951099619;78367.00;;33399014.14
23/01/2023;TRANSF. VAR 20209857074;24839.72;;33423853.86
23/01/2023;GRAVAMEN LEY 25413 S/DEB;-2.09;;40043875.15
23/01/2023;GRAVAMEN LEY 25413 S/DEB;-2.12;;40043873.03
23/01/2023;GRAVAMEN LEY 25413 S/DEB;-8.89;;40043864.14
23/01/2023;GRAVAMEN LEY 25413 S/DEB;-0.67;;40043863.47
23/01/2023;GRAVAMEN LEY 25413 S/DEB;-5.71;;40043857.76
23/01/2023;GRAVAMEN LEY 25413 S/DEB;-0.46;;40043857.30
23/01/2023;TRANSF. VAR 27228661827;25233.00;;33449086.86
23/01/2023;TRANSF. VAR 27252249953;105890.00;;33554976.86
23/01/2023;TRANSF. VAR 27160872441;8000.00;;33562976.86
23/01/2023;TRANSF. VAR 27335374849 WALTER MARIA KAREN;67969.52;;33630946.38
23/01/2023;TRANSF. VAR 27268224500;5482.00;;33636428.38
23/01/2023;TRANSF. VAR 23943370184;18448.17;;33654876.55
23/01/2023;TRANSF. VAR 27290285068;5151.00;;33660027.55
23/01/2023;TRANSF. VAR 27237891800;10308.00;;33670335.55
23/01/2023;TRANSF. VAR 27403242735;15000.00;;33685335.55
23/01/2023;TRANSF. FAC 23169263639 KETTE JUAN CARLOS;25531.22;;33710866.77
23/01/2023;TRANSF. VAR 27424482736;12956.00;;33723822.77
23/01/2023;TRANSF. VAR 23293475229;39760.00;;33763582.77
23/01/2023;TRANSF. VAR 20380928788;18495.00;;33782077.77
23/01/2023;TRANSF. FAC 20081882275 JULIO ERNESTO MONTENEG;530000.00;;34312077.77
23/01/2023;TRANSF. VAR 20180845977;30629.00;;34342706.77
23/01/2023;TRANSF. VAR 20410513960;22819.00;;34365525.77
23/01/2023;TRANSF. VAR 27347950969;37148.00;;34402673.77
23/01/2023;TRANSF. 30715403524 MERCADOS PATAGONICOS S.R.L;104439.11;;34507112.88
23/01/2023;TRANSF. 30714752223 HUARACHI Y VASQUEZ S.H;53995.29;;34561108.17
23/01/2023;TRANSF. VAR 20261218128;39710.07;;34600818.24
23/01/2023;TRANSF. VAR 27335321532 GARIGLIO/MAYRA X;7746.75;;34608564.99
23/01/2023;TRANSF. VAR 27107489733;15449.72;;34624014.71
23/01/2023;TRANSF. VAR 27380837973;52267.00;;34676281.71
23/01/2023;REG.REC.SIRCREB;-7420.00;;40160208.68
23/01/2023;GRAVAMEN LEY 25413 S/CRED;-183.77;;40160024.91
23/01/2023;REG.REC.SIRCREB;-428.81;;40159596.10
23/01/2023;GRAVAMEN LEY 25413 S/CRED;-136.91;;40159459.19
23/01/2023;REG.REC.SIRCREB;-319.47;;40159139.72
23/01/2023;GRAVAMEN LEY 25413 S/CRED;-222.89;;40158916.83
23/01/2023;REG.REC.SIRCREB;-520.07;;40158396.76
23/01/2023;GRAVAMEN LEY 25413 S/CRED;-626.63;;40157770.13
23/01/2023;REG.REC.SIRCREB;-1462.15;;40156307.98
23/01/2023;GRAVAMEN LEY 25413 S/CRED;-323.97;;40155984.01
23/01/2023;REG.REC.SIRCREB;-755.93;;40155228.08
23/01/2023;GRAVAMEN LEY 25413 S/CRED;-238.26;;40154989.82
23/01/2023;REG.REC.SIRCREB;-555.94;;40154433.88
23/01/2023;GRAVAMEN LEY 25413 S/CRED;-46.48;;40154387.40
23/01/2023;REG.REC.SIRCREB;-108.45;;40154278.95
23/01/2023;GRAVAMEN LEY 25413 S/CRED;-92.70;;40154186.25
23/01/2023;REG.REC.SIRCREB;-216.30;;40153969.95
20/01/2023;GRAVAMEN LEY 25413 S/DEB;-0.25;;33307829.05
20/01/2023;GRAVAMEN LEY 25413 S/DEB;-4.03;;33307825.02
20/01/2023;GRAVAMEN LEY 25413 S/DEB;-0.77;;33307824.25
20/01/2023;GRAVAMEN LEY 25413 S/DEB;-9.05;;33307815.20
20/01/2023;GRAVAMEN LEY 25413 S/DEB;-1.97;;33307813.23
20/01/2023;GRAVAMEN LEY 25413 S/DEB;-0.67;;33307812.56
20/01/2023;GRAVAMEN LEY 25413 S/DEB;-4.20;;33307808.36
20/01/2023;GRAVAMEN LEY 25413 S/DEB;-0.48;;33307807.88
20/01/2023;GRAVAMEN LEY 25413 S/DEB;-3.91;;33307803.97
20/01/2023;GRAVAMEN LEY 25413 S/DEB;-3.74;;33307800.23
20/01/2023;GRAVAMEN LEY 25413 S/DEB;-8.51;;33307791.72
20/01/2023;GRAVAMEN LEY 25413 S/DEB;-5.03;;33307786.69
20/01/2023;TRANSF. VAR 20190786499;15292.77;;33801500.18
20/01/2023;TRANSF. VAR 20190786499;37812.25;;33839312.43
20/01/2023;TRANSF. VAR 20356009062 CABEZAS JORGE LUIS;36789.06;;33876101.49
20/01/2023;TRANSF. VAR 27335374849 WALTER MARIA KAREN;81081.21;;33957182.70
20/01/2023;TRANSF. VAR 27161226950;8460.00;;33965642.70
20/01/2023;TRANSF. VAR 27958130770 LUSINDA APARICIO HUANC;33173.00;;33998815.70
20/01/2023;TRANSF. VAR 27426525785;14624.00;;34013439.70
20/01/2023;TRANSF. VAR 20302846546;9000.00;;34022439.70
20/01/2023;TRANSF. VAR 27381747617;6000.00;;34028439.70
20/01/2023;TRANSF. VAR 24295049592 CECCHINI, GIACONDO ALE;16233.47;;34044673.17
20/01/2023;TRANSF. VAR 20219189770;17230.00;;34061903.17
20/01/2023;TRANSF. VAR 20243926905;15193.00;;34077096.17
20/01/2023;TRANSF. VAR 27424482736;3000.00;;34080096.17
20/01/2023;TRANSF. FAC 27940846566;48000.00;;34128096.17
20/01/2023;TRANSF. VAR 20380928788;9149.00;;34137245.17
20/01/2023;TRANSF. 30717832325 BARRANQUERO SAS;107733.57;;34244978.74
20/01/2023;TRANSF. FAC 27940846566 MARQUEZ CARDOZO MARGAR;4283.00;;34249261.74
20/01/2023;TRANSF. VAR 23943370184;23453.74;;34272715.48
20/01/2023;TRANSF. FAC 27427094389 CARDOZO  CAMILA D;164598.00;;34437313.48
20/01/2023;TRANSF. VAR 20188542876;8000.00;;34445313.48
20/01/2023;TRANSF. VAR 27146673037;50000.00;;34495313.48
20/01/2023;TRANSF. VAR 27333765395;5710.15;;34501023.63
20/01/2023;TRANSF. VAR 23225764689 PETROLANDA, RAMIRO AND;46490.00;;34547513.63
20/01/2023;TRANSF. VAR 23224180349;44517.00;;34592030.63
20/01/2023;TRANSF. VAR 27281195722;101273.54;;34693304.17
20/01/2023;TRANSF. VAR 27228661169 VAZQUEZ, ROSSANA CARIN;59863.63;;34753167.80
20/01/2023;TRANSF. VAR 27346678114;6343.75;;34759511.55
20/01/2023;TRANSF. FAC 27326947240 FARIAS  CRISTINA S;29895.42;;34789406.97
20/01/2023;TRANSF. VAR 20149248839;15045.00;;34804451.97
20/01/2023;TRANSF. VAR 27945534104;17227.00;;34821678.97
20/01/2023;TRANSF. VAR 23252248684;35825.98;;34857504.95
20/01/2023;TRANSF. VAR 27272554043;14166.00;;34871670.95
20/01/2023;TRANSF. VAR 27188032546 CASTILLO S  LILIANA;15837.00;;34887507.95
20/01/2023;TRANSF. VAR 20230397962 COLQUE, LUIS ALBERTO;40407.79;;34927915.74
20/01/2023;TRANSF. VAR 27329726733;49200.00;;34977115.74
20/01/2023;TRANSF. VAR 27949215194;37154.00;;35014269.74
20/01/2023;TRANSF. FAC 27188961032 ABAN CASTRO TEODORA PA;82381.13;;31494853.58
20/01/2023;REG.REC.SIRCREB;-700.00;;33329324.38
20/01/2023;REG.REC.SIRCREB;-328.35;;33330484.38
20/01/2023;GRAVAMEN LEY 25413 S/CRED;-48.00;;33330436.38
20/01/2023;REG.REC.SIRCREB;-112.00;;33330324.38
20/01/2023;GRAVAMEN LEY 25413 S/CRED;-300.00;;33330024.38
20/01/2023;GRAVAMEN LEY 25413 S/DEB;-1.28;;33307852.46
20/01/2023;TRANSF. VAR 20954560245 MARTINEZ B  DAVID;9151.04;;35023420.78
20/01/2023;TRANSF. VAR 20340513720;22046.00;;35045466.78
20/01/2023;DEB.TRAN.INTERB          -LINK;-1080826.10;;33964640.68
20/01/2023;DEB.TRAN.INTERB          -LINK;-594289.27;;33370351.41
20/01/2023;CR DEBIN SPOT            -LINK;11982.00;;33382333.41
20/01/2023;GRAVAMEN LEY 25413 S/CRED;-146.90;;33382186.51
20/01/2023;REG.REC.SIRCREB;-342.78;;33381843.73
20/01/2023;GRAVAMEN LEY 25413 S/CRED;-172.96;;33381670.77
20/01/2023;REG.REC.SIRCREB;-403.56;;33381267.21
20/01/2023;GRAVAMEN LEY 25413 S/CRED;-81.03;;33381186.18
20/01/2023;REG.REC.SIRCREB;-189.07;;33380997.11
20/01/2023;GRAVAMEN LEY 25413 S/CRED;-413.85;;33380583.26
20/01/2023;REG.REC.SIRCREB;-965.65;;33379617.61
20/01/2023;GRAVAMEN LEY 25413 S/CRED;-208.50;;33379409.11
20/01/2023;REG.REC.SIRCREB;-486.50;;33378922.61
20/01/2023;GRAVAMEN LEY 25413 S/CRED;-124.42;;33378798.19
20/01/2023;REG.REC.SIRCREB;-290.32;;33378507.87
20/01/2023;GRAVAMEN LEY 25413 S/CRED;-98.62;;33378409.25
20/01/2023;REG.REC.SIRCREB;-230.11;;33378179.14
20/01/2023;GRAVAMEN LEY 25413 S/CRED;-240.00;;33377939.14
20/01/2023;REG.REC.SIRCREB;-560.00;;33377379.14
20/01/2023;GRAVAMEN LEY 25413 S/CRED;-479.51;;33376899.63
20/01/2023;REG.REC.SIRCREB;-1118.87;;33375780.76
20/01/2023;GRAVAMEN LEY 25413 S/CRED;-71.61;;33375709.15
20/01/2023;REG.REC.SIRCREB;-167.10;;33375542.05
20/01/2023;GRAVAMEN LEY 25413 S/CRED;-75.94;;33375466.11
20/01/2023;REG.REC.SIRCREB;-177.20;;33375288.91
20/01/2023;GRAVAMEN LEY 25413 S/CRED;-160.22;;33375128.69
20/01/2023;REG.REC.SIRCREB;-373.86;;33374754.83
20/01/2023;GRAVAMEN LEY 25413 S/CRED;-324.69;;33374430.14
20/01/2023;REG.REC.SIRCREB;-757.60;;33373672.54
20/01/2023;GRAVAMEN LEY 25413 S/CRED;-9161.94;;33364510.60
20/01/2023;REG.REC.SIRCREB;-21377.86;;33343132.74
20/01/2023;GRAVAMEN LEY 25413 S/CRED;-182.89;;33342949.85
20/01/2023;REG.REC.SIRCREB;-426.74;;33342523.11
20/01/2023;GRAVAMEN LEY 25413 S/CRED;-291.75;;33342231.36
20/01/2023;REG.REC.SIRCREB;-680.75;;33341550.61
20/01/2023;GRAVAMEN LEY 25413 S/CRED;-91.55;;33341459.06
20/01/2023;REG.REC.SIRCREB;-213.61;;33341245.45
20/01/2023;GRAVAMEN LEY 25413 S/CRED;-57.73;;33341187.72
20/01/2023;REG.REC.SIRCREB;-134.69;;33341053.03
20/01/2023;GRAVAMEN LEY 25413 S/CRED;-73.10;;33340979.93
20/01/2023;GRAVAMEN LEY 25413 S/DEB;-3.18;;33307849.28
20/01/2023;TRANSF. VAR 23169263639;48625.00;;33715121.04
20/01/2023;TRANSF. VAR 27240852166;15258.00;;33730379.04
20/01/2023;TRANSF. VAR 27952072671;9620.88;;33739999.92
20/01/2023;TRANSF. VAR 23940898749;12183.33;;33752183.25
20/01/2023;TRANSF. VAR 20325783061;19621.79;;33771805.04
20/01/2023;TRANSF. FAC 27315918664 LEPORI, CINTIA ANAHI;14402.37;;33786207.41
20/01/2023;GRAVAMEN LEY 25413 S/DEB;-3.09;;33307846.19
20/01/2023;GRAVAMEN LEY 25413 S/DEB;-6.81;;33307839.38
20/01/2023;GRAVAMEN LEY 25413 S/DEB;-0.71;;33307838.67
20/01/2023;GRAVAMEN LEY 25413 S/DEB;-2.79;;33307835.88
20/01/2023;GRAVAMEN LEY 25413 S/DEB;-1.23;;33307834.65
20/01/2023;GRAVAMEN LEY 25413 S/DEB;-0.76;;33307833.89
20/01/2023;GRAVAMEN LEY 25413 S/DEB;-0.50;;33307833.39
20/01/2023;GRAVAMEN LEY 25413 S/DEB;-1.36;;33307832.03
20/01/2023;GRAVAMEN LEY 25413 S/DEB;-1.45;;33307830.58
20/01/2023;GRAVAMEN LEY 25413 S/DEB;-1.28;;33307829.30
20/01/2023;GRAVAMEN LEY 25413 S/DEB;-5.79;;33308019.58
20/01/2023;GRAVAMEN LEY 25413 S/DEB;-2.92;;33308016.66
20/01/2023;TRANSF. VAR 27396468293;79919.06;;31985099.53
20/01/2023;TRANSF. FAC 30708754877 PROSUR SA;18514.41;;32003613.94
20/01/2023;TRANSF. VAR 20313927963;11935.69;;32015549.63
20/01/2023;TRANSF. VAR 20944418815;12657.00;;32028206.63
20/01/2023;TRANSF. VAR 27311734402;26704.00;;32054910.63
20/01/2023;TRANSF. FAC 30716456117 PETRO PATAGONES SA;54114.29;;32109024.92
20/01/2023;DEP.EFVO.INTERS.         -SUC 3100;1526990.00;;33636014.92
20/01/2023;TRANSF. FAC 20187727430 PETROLANDA  GONZALO;30481.12;;33666496.04
20/01/2023;GRAVAMEN LEY 25413 S/DEB;-1.74;;33308014.92
20/01/2023;GRAVAMEN LEY 25413 S/DEB;-1.38;;33308013.54
20/01/2023;GRAVAMEN LEY 25413 S/DEB;-3.36;;33308010.18
20/01/2023;GRAVAMEN LEY 25413 S/DEB;-6.71;;33308003.47
20/01/2023;GRAVAMEN LEY 25413 S/DEB;-1.00;;33308002.47
20/01/2023;GRAVAMEN LEY 25413 S/DEB;-1.06;;33308001.41
20/01/2023;GRAVAMEN LEY 25413 S/DEB;-2.24;;33307999.17
20/01/2023;GRAVAMEN LEY 25413 S/DEB;-4.55;;33307994.62
20/01/2023;GRAVAMEN LEY 25413 S/DEB;-128.27;;33307866.35
20/01/2023;GRAVAMEN LEY 25413 S/DEB;-2.56;;33307863.79
20/01/2023;GRAVAMEN LEY 25413 S/DEB;-4.08;;33307859.71
20/01/2023;GRAVAMEN LEY 25413 S/DEB;-1.28;;33307858.43
20/01/2023;GRAVAMEN LEY 25413 S/DEB;-0.81;;33307857.62
20/01/2023;GRAVAMEN LEY 25413 S/DEB;-1.02;;33307856.60
20/01/2023;REG.REC.SIRCREB;-170.57;;33340809.36
20/01/2023;GRAVAMEN LEY 25413 S/DEB;-1.65;;33307854.95
20/01/2023;GRAVAMEN LEY 25413 S/DEB;-1.21;;33307853.74
20/01/2023;GRAVAMEN LEY 25413 S/CRED;-117.73;;33340691.63
20/01/2023;REG.REC.SIRCREB;-274.71;;33340416.92
20/01/2023;GRAVAMEN LEY 25413 S/CRED;-86.41;;33340330.51
20/01/2023;REG.REC.SIRCREB;-201.63;;33340128.88
20/01/2023;GRAVAMEN LEY 25413 S/CRED;-91.76;;33340037.12
20/01/2023;REG.REC.SIRCREB;-214.10;;33339823.02
20/01/2023;GRAVAMEN LEY 25413 S/CRED;-226.87;;33339596.15
20/01/2023;REG.REC.SIRCREB;-529.37;;33339066.78
20/01/2023;GRAVAMEN LEY 25413 S/CRED;-220.73;;33338846.05
20/01/2023;REG.REC.SIRCREB;-515.05;;33338331.00
20/01/2023;GRAVAMEN LEY 25413 S/CRED;-486.49;;33337844.51
20/01/2023;REG.REC.SIRCREB;-1135.14;;33336709.37
20/01/2023;GRAVAMEN LEY 25413 S/CRED;-50.76;;33336658.61
20/01/2023;REG.REC.SIRCREB;-118.44;;33336540.17
20/01/2023;GRAVAMEN LEY 25413 S/CRED;-199.04;;33336341.13
20/01/2023;REG.REC.SIRCREB;-464.42;;33335876.71
20/01/2023;GRAVAMEN LEY 25413 S/CRED;-87.74;;33335788.97
20/01/2023;REG.REC.SIRCREB;-204.74;;33335584.23
20/01/2023;GRAVAMEN LEY 25413 S/CRED;-54.00;;33335530.23
20/01/2023;REG.REC.SIRCREB;-126.00;;33335404.23
20/01/2023;GRAVAMEN LEY 25413 S/CRED;-36.00;;33335368.23
20/01/2023;REG.REC.SIRCREB;-84.00;;33335284.23
20/01/2023;GRAVAMEN LEY 25413 S/CRED;-97.40;;33335186.83
20/01/2023;REG.REC.SIRCREB;-227.27;;33334959.56
20/01/2023;GRAVAMEN LEY 25413 S/CRED;-103.38;;33334856.18
20/01/2023;REG.REC.SIRCREB;-241.22;;33334614.96
20/01/2023;GRAVAMEN LEY 25413 S/CRED;-91.16;;33334523.80
20/01/2023;REG.REC.SIRCREB;-212.70;;33334311.10
20/01/2023;GRAVAMEN LEY 25413 S/CRED;-18.00;;33334293.10
20/01/2023;REG.REC.SIRCREB;-42.00;;33334251.10
20/01/2023;GRAVAMEN LEY 25413 S/CRED;-288.00;;33333963.10
20/01/2023;REG.REC.SIRCREB;-672.00;;33333291.10
20/01/2023;GRAVAMEN LEY 25413 S/CRED;-54.89;;33333236.21
20/01/2023;REG.REC.SIRCREB;-128.09;;33333108.12
20/01/2023;GRAVAMEN LEY 25413 S/CRED;-646.40;;33332461.72
20/01/2023;REG.REC.SIRCREB;-1508.27;;33330953.45
20/01/2023;GRAVAMEN LEY 25413 S/CRED;-140.72;;33330812.73
20/01/2023;GRAVAMEN LEY 25413 S/CRED;-34.26;;33329290.12
20/01/2023;REG.REC.SIRCREB;-79.94;;33329210.18
20/01/2023;GRAVAMEN LEY 25413 S/CRED;-278.94;;33328931.24
20/01/2023;REG.REC.SIRCREB;-650.86;;33328280.38
20/01/2023;GRAVAMEN LEY 25413 S/CRED;-267.10;;33328013.28
20/01/2023;REG.REC.SIRCREB;-623.24;;33327390.04
20/01/2023;GRAVAMEN LEY 25413 S/CRED;-607.64;;33326782.40
20/01/2023;REG.REC.SIRCREB;-1417.83;;33325364.57
20/01/2023;GRAVAMEN LEY 25413 S/CRED;-359.18;;33325005.39
20/01/2023;REG.REC.SIRCREB;-838.09;;33324167.30
20/01/2023;GRAVAMEN LEY 25413 S/CRED;-38.06;;33324129.24
20/01/2023;REG.REC.SIRCREB;-88.81;;33324040.43
20/01/2023;GRAVAMEN LEY 25413 S/CRED;-179.37;;33323861.06
20/01/2023;REG.REC.SIRCREB;-418.54;;33323442.52
20/01/2023;GRAVAMEN LEY 25413 S/CRED;-90.27;;33323352.25
20/01/2023;REG.REC.SIRCREB;-210.63;;33323141.62
20/01/2023;GRAVAMEN LEY 25413 S/CRED;-103.36;;33323038.26
20/01/2023;REG.REC.SIRCREB;-241.18;;33322797.08
20/01/2023;GRAVAMEN LEY 25413 S/CRED;-214.96;;33322582.12
20/01/2023;REG.REC.SIRCREB;-501.56;;33322080.56
20/01/2023;GRAVAMEN LEY 25413 S/CRED;-85.00;;33321995.56
20/01/2023;REG.REC.SIRCREB;-198.32;;33321797.24
20/01/2023;GRAVAMEN LEY 25413 S/CRED;-95.02;;33321702.22
20/01/2023;REG.REC.SIRCREB;-221.72;;33321480.50
20/01/2023;GRAVAMEN LEY 25413 S/CRED;-242.45;;33321238.05
20/01/2023;REG.REC.SIRCREB;-565.71;;33320672.34
20/01/2023;GRAVAMEN LEY 25413 S/CRED;-295.20;;33320377.14
20/01/2023;REG.REC.SIRCREB;-688.80;;33319688.34
20/01/2023;GRAVAMEN LEY 25413 S/CRED;-222.92;;33319465.42
20/01/2023;REG.REC.SIRCREB;-520.16;;33318945.26
20/01/2023;GRAVAMEN LEY 25413 S/CRED;-54.91;;33318890.35
20/01/2023;REG.REC.SIRCREB;-128.11;;33318762.24
20/01/2023;GRAVAMEN LEY 25413 S/CRED;-132.28;;33318629.96
20/01/2023;REG.REC.SIRCREB;-308.64;;33318321.32
20/01/2023;GRAVAMEN LEY 25413 S/DEB;-6484.96;;33311836.36
20/01/2023;GRAVAMEN LEY 25413 S/DEB;-3565.74;;33308270.62
20/01/2023;GRAVAMEN LEY 25413 S/CRED;-71.89;;33308198.73
20/01/2023;REG.REC.SIRCREB;-167.75;;33308030.98
20/01/2023;GRAVAMEN LEY 25413 S/DEB;-2.06;;33308028.92
20/01/2023;GRAVAMEN LEY 25413 S/DEB;-2.42;;33308026.50
20/01/2023;GRAVAMEN LEY 25413 S/DEB;-1.13;;33308025.37
20/01/2023;TRANSF. FAC 27188961032 ABAN CASTRO TEODORA PA;88715.00;;31583568.58
20/01/2023;GRAVAMEN LEY 25413 S/DEB;-0.53;;33307786.16
20/01/2023;GRAVAMEN LEY 25413 S/DEB;-2.51;;33307783.65
20/01/2023;GRAVAMEN LEY 25413 S/DEB;-1.26;;33307782.39
20/01/2023;GRAVAMEN LEY 25413 S/DEB;-1.45;;33307780.94
20/01/2023;TRANSF. FAC 20243257442 VILCA CARRASCO VICTORI;73898.00;;31657466.58
20/01/2023;TRANSF. VAR 20270564276 ALBERDI ALGANARAS, NES;24484.01;;31681950.59
20/01/2023;TRANSF. VAR 23315441269;28826.00;;31710776.59
20/01/2023;TRANSF. FAC 27942361241 APARICIO HUANCA BERTHA;13505.14;;31724281.73
20/01/2023;TRANSF. 30715403524 MERCADOS PATAGONICOS S.R.L;68975.25;;31793256.98
20/01/2023;GRAVAMEN LEY 25413 S/DEB;-3.01;;33307777.93
20/01/2023;GRAVAMEN LEY 25413 S/DEB;-1.19;;33307776.74
20/01/2023;GRAVAMEN LEY 25413 S/DEB;-1.33;;33307775.41
20/01/2023;GRAVAMEN LEY 25413 S/DEB;-3.39;;33307772.02
20/01/2023;GRAVAMEN LEY 25413 S/DEB;-4.13;;33307767.89
20/01/2023;GRAVAMEN LEY 25413 S/DEB;-3.12;;33307764.77
20/01/2023;GRAVAMEN LEY 25413 S/DEB;-0.77;;33307764.00
20/01/2023;GRAVAMEN LEY 25413 S/DEB;-1.85;;33307762.15
20/01/2023;GRAVAMEN LEY 25413 S/DEB;-1.01;;33307761.14
20/01/2023;TRANSF. VAR 27250067602;34750.00;;31828006.98
20/01/2023;TRANSF. VAR 20260690737;20736.82;;31848743.80
20/01/2023;TRANSF. VAR 27335321532 GARIGLIO/MAYRA X;16436.67;;31865180.47
20/01/2023;TRANSF. VAR 27285294393;40000.00;;31905180.47
19/01/2023;GRAVAMEN LEY 25413 S/CRED;-235.38;;31443449.50
19/01/2023;REG.REC.SIRCREB;-549.21;;31442900.29
19/01/2023;GRAVAMEN LEY 25413 S/CRED;-30.96;;31442869.33
19/01/2023;REG.REC.SIRCREB;-1466.31;;31437734.37
19/01/2023;GRAVAMEN LEY 25413 S/CRED;-96.64;;31437637.73
19/01/2023;REG.REC.SIRCREB;-225.50;;31437412.23
19/01/2023;GRAVAMEN LEY 25413 S/CRED;-2898.81;;31434513.42
19/01/2023;REG.REC.SIRCREB;-6763.89;;31427749.53
19/01/2023;GRAVAMEN LEY 25413 S/CRED;-181.91;;31427567.62
19/01/2023;REG.REC.SIRCREB;-424.45;;31427143.17
19/01/2023;GRAVAMEN LEY 25413 S/CRED;-205.29;;31426937.88
19/01/2023;REG.REC.SIRCREB;-479.01;;31426458.87
19/01/2023;GRAVAMEN LEY 25413 S/DEB;-20.83;;31426438.04
19/01/2023;GRAVAMEN LEY 25413 S/CRED;-39.24;;31426398.80
19/01/2023;REG.REC.SIRCREB;-91.56;;31426307.24
19/01/2023;GRAVAMEN LEY 25413 S/CRED;-89.76;;31426217.48
19/01/2023;REG.REC.SIRCREB;-209.44;;31426008.04
19/01/2023;GRAVAMEN LEY 25413 S/CRED;-59.18;;31425948.86
19/01/2023;REG.REC.SIRCREB;-138.09;;31425810.77
19/01/2023;GRAVAMEN LEY 25413 S/CRED;-258.50;;31425552.27
19/01/2023;REG.REC.SIRCREB;-603.17;;31424949.10
19/01/2023;GRAVAMEN LEY 25413 S/CRED;-85.15;;31424863.95
19/01/2023;REG.REC.SIRCREB;-198.67;;31424665.28
19/01/2023;GRAVAMEN LEY 25413 S/CRED;-23.20;;31424642.08
19/01/2023;REG.REC.SIRCREB;-54.14;;31424587.94
19/01/2023;GRAVAMEN LEY 25413 S/CRED;-144.90;;31424443.04
19/01/2023;REG.REC.SIRCREB;-338.10;;31424104.94
19/01/2023;GRAVAMEN LEY 25413 S/CRED;-673.92;;31423431.02
19/01/2023;REG.REC.SIRCREB;-1572.49;;31421858.53
19/01/2023;GRAVAMEN LEY 25413 S/CRED;-53.03;;31421805.50
19/01/2023;REG.REC.SIRCREB;-123.73;;31421681.77
19/01/2023;GRAVAMEN LEY 25413 S/CRED;-52.66;;31421629.11
19/01/2023;REG.REC.SIRCREB;-72.24;;31442797.09
19/01/2023;GRAVAMEN LEY 25413 S/CRED;-55.66;;31442741.43
19/01/2023;REG.REC.SIRCREB;-129.86;;31442611.57
19/01/2023;GRAVAMEN LEY 25413 S/CRED;-281.54;;31442330.03
19/01/2023;REG.REC.SIRCREB;-656.94;;31441673.09
19/01/2023;GRAVAMEN LEY 25413 S/CRED;-341.51;;31441331.58
19/01/2023;REG.REC.SIRCREB;-796.87;;31440534.71
19/01/2023;GRAVAMEN LEY 25413 S/CRED;-160.01;;31440374.70
19/01/2023;REG.REC.SIRCREB;-373.37;;31440001.33
19/01/2023;GRAVAMEN LEY 25413 S/CRED;-51.67;;31439949.66
19/01/2023;REG.REC.SIRCREB;-120.56;;31439829.10
19/01/2023;48HS. BANCOS    000238602;-4130701.71;;27039350.64
19/01/2023;REG.REC.SIRCREB;-299.59;;31415989.66
19/01/2023;GRAVAMEN LEY 25413 S/CRED;-539.03;;31415450.63
19/01/2023;REG.REC.SIRCREB;-1257.74;;31414192.89
19/01/2023;GRAVAMEN LEY 25413 S/CRED;-195.82;;31413997.07
19/01/2023;REG.REC.SIRCREB;-456.92;;31413540.15
19/01/2023;GRAVAMEN LEY 25413 S/DEB;-112.64;;31413427.51
19/01/2023;GRAVAMEN LEY 25413 S/DEB;-174.75;;31413252.76
19/01/2023;GRAVAMEN LEY 25413 S/DEB;-85.00;;31413167.76
19/01/2023;GRAVAMEN LEY 25413 S/DEB;-57.91;;31413109.85
19/01/2023;GRAVAMEN LEY 25413 S/DEB;-61.84;;31413048.01
19/01/2023;GRAVAMEN LEY 25413 S/DEB;-128.25;;31412919.76
19/01/2023;GRAVAMEN LEY 25413 S/DEB;-30.73;;31412889.03
19/01/2023;GRAVAMEN LEY 25413 S/DEB;-30.91;;31412858.12
19/01/2023;GRAVAMEN LEY 25413 S/DEB;-0.35;;31412857.77
19/01/2023;GRAVAMEN LEY 25413 S/DEB;-3.25;;31412854.52
19/01/2023;GRAVAMEN LEY 25413 S/DEB;-3.36;;31412851.16
19/01/2023;GRAVAMEN LEY 25413 S/DEB;-3.42;;31412847.74
19/01/2023;GRAVAMEN LEY 25413 S/DEB;-1.09;;31412846.65
19/01/2023;GRAVAMEN LEY 25413 S/DEB;-5.44;;31412841.21
19/01/2023;GRAVAMEN LEY 25413 S/DEB;-1.92;;31412839.29
19/01/2023;GRAVAMEN LEY 25413 S/DEB;-1.68;;31412837.61
19/01/2023;GRAVAMEN LEY 25413 S/DEB;-1.46;;31412836.15
19/01/2023;GRAVAMEN LEY 25413 S/DEB;-4.56;;31412831.59
19/01/2023;GRAVAMEN LEY 25413 S/DEB;-3.55;;31412828.04
19/01/2023;GRAVAMEN LEY 25413 S/DEB;-1.83;;31412826.21
19/01/2023;GRAVAMEN LEY 25413 S/DEB;-225.10;;31412601.11
19/01/2023;DB DEBIN PREAUTORIZADO   -LINK;-9651.72;;31572730.74
19/01/2023;DB DEBIN PREAUTORIZADO   -LINK;-10306.30;;31562424.44
19/01/2023;DB DEBIN PREAUTORIZADO   -LINK;-21374.50;;31541049.94
19/01/2023;DB DEBIN PREAUTORIZADO   -LINK;-5122.20;;31535927.74
19/01/2023;DB DEBIN PREAUTORIZADO   -LINK;-5151.80;;31530775.94
19/01/2023;GRAVAMEN LEY 25413 S/DEB;-24784.21;;31505991.73
19/01/2023;GRAVAMEN LEY 25413 S/CRED;-25.21;;31505966.52
19/01/2023;REG.REC.SIRCREB;-58.82;;31505907.70
19/01/2023;GRAVAMEN LEY 25413 S/CRED;-232.38;;31505675.32
19/01/2023;GRAVAMEN LEY 25413 S/CRED;-628.42;;31439200.68
19/01/2023;REG.REC.SIRCREB;-542.22;;31505133.10
19/01/2023;GRAVAMEN LEY 25413 S/CRED;-240.00;;31504893.10
19/01/2023;REG.REC.SIRCREB;-560.00;;31504333.10
19/01/2023;GRAVAMEN LEY 25413 S/CRED;-244.40;;31504088.70
19/01/2023;REG.REC.SIRCREB;-570.28;;31503518.42
19/01/2023;GRAVAMEN LEY 25413 S/CRED;-78.00;;31503440.42
19/01/2023;REG.REC.SIRCREB;-182.00;;31503258.42
19/01/2023;GRAVAMEN LEY 25413 S/CRED;-388.80;;31502869.62
19/01/2023;REG.REC.SIRCREB;-907.21;;31501962.41
19/01/2023;GRAVAMEN LEY 25413 S/CRED;-137.06;;31501825.35
19/01/2023;REG.REC.SIRCREB;-319.80;;31501505.55
19/01/2023;GRAVAMEN LEY 25413 S/CRED;-120.00;;31501385.55
19/01/2023;REG.REC.SIRCREB;-280.00;;31501105.55
19/01/2023;GRAVAMEN LEY 25413 S/CRED;-104.26;;31501001.29
19/01/2023;REG.REC.SIRCREB;-243.28;;31500758.01
19/01/2023;GRAVAMEN LEY 25413 S/CRED;-325.63;;31500432.38
19/01/2023;REG.REC.SIRCREB;-759.80;;31499672.58
19/01/2023;GRAVAMEN LEY 25413 S/CRED;-253.37;;31499419.21
19/01/2023;REG.REC.SIRCREB;-591.21;;31498828.00
19/01/2023;GRAVAMEN LEY 25413 S/CRED;-130.60;;31498697.40
19/01/2023;REG.REC.SIRCREB;-304.73;;31498392.67
19/01/2023;GRAVAMEN LEY 25413 S/CRED;-16078.80;;31482313.87
19/01/2023;REG.REC.SIRCREB;-37517.20;;31444796.67
19/01/2023;GRAVAMEN LEY 25413 S/CRED;-47.92;;31444748.75
19/01/2023;REG.REC.SIRCREB;-111.80;;31444636.95
19/01/2023;GRAVAMEN LEY 25413 S/CRED;-105.62;;31444531.33
19/01/2023;REG.REC.SIRCREB;-246.45;;31444284.88
19/01/2023;GRAVAMEN LEY 25413 S/DEB;-600.00;;31443684.88
19/01/2023;TRANSF. VAR 20931152719 CRUZ/FUENTES C;7695.41;;31413145.26
19/01/2023;TRANSF. VAR 27243705547;4228.00;;31417373.26
19/01/2023;TRANSF. VAR 20325784882;11000.00;;31428373.26
19/01/2023;TRANSF. VAR 27380837973;72200.00;;31500573.26
19/01/2023;GRAVAMEN LEY 25413 S/DEB;-3.30;;31412595.66
19/01/2023;GRAVAMEN LEY 25413 S/DEB;-0.43;;31412595.23
19/01/2023;GRAVAMEN LEY 25413 S/DEB;-0.78;;31412594.45
19/01/2023;TRANSF. 30715761811 MALTA S SRL;21399.00;;31521972.26
19/01/2023;TRANSF. FAC 27940846566;89838.43;;31611810.69
19/01/2023;TRANSF.INT.DIST.TITULAR  -LINK;32637.42;;31644448.11
19/01/2023;DB DEBIN PREAUTORIZADO   -LINK;-18772.99;;31625675.12
19/01/2023;DB DEBIN PREAUTORIZADO   -LINK;-29125.66;;31596549.46
19/01/2023;GRAVAMEN LEY 25413 S/DEB;-3.94;;31412590.51
19/01/2023;GRAVAMEN LEY 25413 S/DEB;-4.78;;31412585.73
19/01/2023;GRAVAMEN LEY 25413 S/DEB;-2.24;;31412583.49
19/01/2023;GRAVAMEN LEY 25413 S/DEB;-0.72;;31412582.77
19/01/2023;GRAVAMEN LEY 25413 S/DEB;-8.80;;31412573.97
19/01/2023;GRAVAMEN LEY 25413 S/DEB;-1.35;;31412572.62
19/01/2023;GRAVAMEN LEY 25413 S/DEB;-40.58;;31412532.04
19/01/2023;GRAVAMEN LEY 25413 S/DEB;-2.55;;31412529.49
19/01/2023;GRAVAMEN LEY 25413 S/DEB;-2.87;;31412526.62
19/01/2023;GRAVAMEN LEY 25413 S/DEB;-0.55;;31412526.07
19/01/2023;GRAVAMEN LEY 25413 S/DEB;-1.26;;31412524.81
19/01/2023;GRAVAMEN LEY 25413 S/DEB;-0.83;;31412523.98
19/01/2023;GRAVAMEN LEY 25413 S/DEB;-3.62;;31412520.36
19/01/2023;GRAVAMEN LEY 25413 S/DEB;-1.19;;31412519.17
19/01/2023;GRAVAMEN LEY 25413 S/DEB;-0.32;;31412518.85
19/01/2023;GRAVAMEN LEY 25413 S/DEB;-2.03;;31412516.82
19/01/2023;GRAVAMEN LEY 25413 S/DEB;-9.43;;31412507.39
19/01/2023;GRAVAMEN LEY 25413 S/DEB;-0.74;;31412506.65
19/01/2023;GRAVAMEN LEY 25413 S/DEB;-0.74;;31412505.91
19/01/2023;GRAVAMEN LEY 25413 S/DEB;-1.38;;31412504.53
19/01/2023;GRAVAMEN LEY 25413 S/DEB;-0.74;;31412503.79
19/01/2023;GRAVAMEN LEY 25413 S/DEB;-1.90;;31412501.89
19/01/2023;GRAVAMEN LEY 25413 S/DEB;-2.45;;31412499.44
19/01/2023;GRAVAMEN LEY 25413 S/DEB;-1.45;;31412497.99
19/01/2023;GRAVAMEN LEY 25413 S/DEB;-0.73;;31412497.26
19/01/2023;GRAVAMEN LEY 25413 S/DEB;-0.37;;31412496.89
19/01/2023;GRAVAMEN LEY 25413 S/DEB;-1.30;;31412495.59
19/01/2023;GRAVAMEN LEY 25413 S/DEB;-3.06;;31412492.53
19/01/2023;GRAVAMEN LEY 25413 S/DEB;-0.65;;31412491.88
19/01/2023;GRAVAMEN LEY 25413 S/DEB;-0.36;;31412491.52
19/01/2023;GRAVAMEN LEY 25413 S/DEB;-0.92;;31412490.60
19/01/2023;GRAVAMEN LEY 25413 S/DEB;-6.06;;31412484.54
19/01/2023;GRAVAMEN LEY 25413 S/DEB;-1.80;;31412482.74
19/01/2023;GRAVAMEN LEY 25413 S/DEB;-7.55;;31412475.19
19/01/2023;GRAVAMEN LEY 25413 S/DEB;-2.74;;31412472.45
19/01/2023;DB DEBIN PREAUTORIZADO   -LINK;-14167.00;;31582382.46
19/01/2023;REG.REC.SIRCREB;-122.36;;31419446.33
19/01/2023;GRAVAMEN LEY 25413 S/CRED;-26.59;;31419419.74
19/01/2023;REG.REC.SIRCREB;-62.05;;31419357.69
19/01/2023;GRAVAMEN LEY 25413 S/CRED;-92.81;;31419264.88
19/01/2023;REG.REC.SIRCREB;-216.57;;31419048.31
19/01/2023;GRAVAMEN LEY 25413 S/CRED;-218.46;;31418829.85
19/01/2023;REG.REC.SIRCREB;-509.74;;31418320.11
19/01/2023;GRAVAMEN LEY 25413 S/CRED;-46.17;;31418273.94
19/01/2023;REG.REC.SIRCREB;-107.74;;31418166.20
19/01/2023;GRAVAMEN LEY 25413 S/CRED;-25.37;;31418140.83
19/01/2023;REG.REC.SIRCREB;-59.19;;31418081.64
19/01/2023;GRAVAMEN LEY 25413 S/CRED;-66.00;;31418015.64
19/01/2023;REG.REC.SIRCREB;-154.00;;31417861.64
19/01/2023;GRAVAMEN LEY 25413 S/CRED;-433.20;;31417428.44
19/01/2023;REG.REC.SIRCREB;-1010.80;;31416417.64
19/01/2023;GRAVAMEN LEY 25413 S/CRED;-128.39;;31416289.25
19/01/2023;REG.REC.SIRCREB;-122.88;;31421506.23
19/01/2023;GRAVAMEN LEY 25413 S/CRED;-98.56;;31421407.67
19/01/2023;REG.REC.SIRCREB;-229.98;;31421177.69
19/01/2023;GRAVAMEN LEY 25413 S/CRED;-52.64;;31421125.05
19/01/2023;REG.REC.SIRCREB;-122.82;;31421002.23
19/01/2023;GRAVAMEN LEY 25413 S/CRED;-135.62;;31420866.61
19/01/2023;REG.REC.SIRCREB;-316.46;;31420550.15
19/01/2023;GRAVAMEN LEY 25413 S/CRED;-175.06;;31420375.09
19/01/2023;REG.REC.SIRCREB;-408.46;;31419966.63
19/01/2023;GRAVAMEN LEY 25413 S/CRED;-103.65;;31419862.98
19/01/2023;REG.REC.SIRCREB;-241.85;;31419621.13
19/01/2023;GRAVAMEN LEY 25413 S/CRED;-52.44;;31419568.69
19/01/2023;TRANSF. VAR 27928875909;4201.64;;27043552.28
19/01/2023;TRANSF. VAR 20940074887;38730.00;;27082282.28
19/01/2023;TRANSF. VAR 27285294393;40000.00;;27122282.28
19/01/2023;TRANSF. VAR 27949215194;40734.00;;27163016.28
19/01/2023;TRANSF. VAR 27207875134 EIRAS, CELIA MABEL;13000.00;;27176016.28
19/01/2023;TRANSF. VAR 30714623547;64800.36;;27240816.64
19/01/2023;TRANSF. VAR 20279147724;22843.00;;27263659.64
19/01/2023;TRANSF. VAR 20265791221;20000.00;;27283659.64
19/01/2023;TRANSF. VAR 20174987182;17377.00;;27301036.64
19/01/2023;TRANSF. FAC 30709442496 NEOM SRL;73800.00;;27374836.64
19/01/2023;TRANSF. VAR 23169263639;54271.20;;27429107.84
19/01/2023;TRANSF. 30715403524 MERCADOS PATAGONICOS S.R.L;42229.13;;27471336.97
19/01/2023;TRANSF. VAR 23943370184;21766.53;;27493103.50
19/01/2023;DEP.EFVO.INTERS.         -SUC 3100;2679800.00;;30172903.50
19/01/2023;TRANSF. VAR 20175375407;7986.00;;30180889.50
19/01/2023;TRANSF. VAR 20187472637;17603.26;;30198492.76
19/01/2023;TRANSF. FAC 23243612349 OCHOA ADOLFO RAUL;43229.92;;30241722.68
19/01/2023;TRANSF. FAC 30505150372;-100000.00;;30141722.68
19/01/2023;TRANSF. VAR 27941089467 APARICIO HUANCA SANDRA;39229.43;;30180952.11
19/01/2023;TRANSF. VAR 27203852601;5160.00;;30186112.11
19/01/2023;TRANSF. VAR 20323853607;9276.00;;30195388.11
19/01/2023;TRANSF. VAR 20380928788;46924.00;;30242312.11
19/01/2023;TRANSF. FAC 20940661499 MARQUEZ CARDOZO ALDO S;56919.00;;30299231.11
19/01/2023;TRANSF. VAR 27146673037;26669.00;;30325900.11
19/01/2023;TRANSF. VAR 24227307850;8611.55;;30334511.66
19/01/2023;TRANSF. 30714752223 HUARACHI Y VASQUEZ S.H;104736.70;;30439248.36
19/01/2023;TRANSF. VAR 20149248839;16107.00;;30455355.36
19/01/2023;GRAVAMEN LEY 25413 S/DEB;-0.67;;31412600.44
19/01/2023;CR. TR. FACTURAS-FAC     -SUC 0001;483135.34;;30938490.70
19/01/2023;TRANSF. VAR 27253380476 GROSSO, ROSANA YANINA;30317.98;;30968808.68
19/01/2023;GRAVAMEN LEY 25413 S/DEB;-1.48;;31412598.96
19/01/2023;TRANSF. VAR 27946435711;34215.00;;31003023.68
19/01/2023;TRANSF. FAC 30540973152;-3471.08;;30999552.60
19/01/2023;TRANSF. VAR 27333765395;6540.03;;31006092.63
19/01/2023;TRANSF. VAR 20349587913;14960.00;;31021052.63
19/01/2023;TRANSF. VAR 27284146269 CHOROLQUE  ANDREA C;9863.67;;31030916.30
19/01/2023;TRANSF. FAC 27326947240 FARIAS  CRISTINA S;43083.56;;31073999.86
19/01/2023;TRANSF. VAR 27943087291;14191.00;;31088190.86
19/01/2023;TRANSF. VAR 27333687572 GOMEZ, CARLA ESTEFANIA;3867.00;;31092057.86
19/01/2023;TRANSF. VAR 20243926905;24150.00;;31116207.86
19/01/2023;TRANSF. FAC 30710737548 SAVOIA SA;112320.65;;31228528.51
19/01/2023;TRANSF. VAR 27338493210;8838.17;;31237366.68
19/01/2023;TRANSF. VAR 27403242735;8777.00;;31246143.68
19/01/2023;TRANSF. VAR 27228661827;16427.00;;31262570.68
19/01/2023;TRANSF. VAR 27170676659;8773.00;;31271343.68
19/01/2023;TRANSF. VAR 27343550842;22604.08;;31293947.76
19/01/2023;TRANSF. VAR 20943460354;29176.00;;31323123.76
19/01/2023;TRANSF. FAC 27930478836 AVALOS  PRIMA;17275.00;;31340398.76
19/01/2023;TRANSF. VAR 20363027440;8740.00;;31349138.76
19/01/2023;TRANSF. VAR 20187060622;4432.00;;31353570.76
19/01/2023;TRANSF. VAR 20180845977;15469.00;;31369039.76
19/01/2023;TRANSF. VAR 20366354752 HERRERA PORRA, JORGE F;36410.09;;31405449.85
18/01/2023;TRANSF. 30643233343 RENTAS/BANCO PCIA BS. AS. INT;-148029.60;;27764194.88
18/01/2023;TRANSF. 30500010912 AFIP - DGI - SETI - 2 INTERBA;-64750.09;;27699444.79
18/01/2023;TRANSF. VAR 20265791221;13168.00;;27712612.79
18/01/2023;TRANSF. VAR 20380839483;14281.03;;27726893.82
18/01/2023;REG.REC.SIRCREB;-522.19;;31198228.69
18/01/2023;GRAVAMEN LEY 25413 S/CRED;-301.32;;31197927.37
18/01/2023;REG.REC.SIRCREB;-703.08;;31197224.29
18/01/2023;GRAVAMEN LEY 25413 S/DEB;-792.00;;31196432.29
18/01/2023;GRAVAMEN LEY 25413 S/CRED;-123.14;;31196309.15
18/01/2023;REG.REC.SIRCREB;-287.33;;31196021.82
18/01/2023;GRAVAMEN LEY 25413 S/DEB;-792.00;;31195229.82
18/01/2023;GRAVAMEN LEY 25413 S/CRED;-77.17;;31195152.65
18/01/2023;REG.REC.SIRCREB;-180.06;;31194972.59
18/01/2023;GRAVAMEN LEY 25413 S/CRED;-30.00;;31194942.59
18/01/2023;REG.REC.SIRCREB;-70.00;;31194872.59
18/01/2023;REG.REC.SIRCREB;-1563.67;;31176408.90
18/01/2023;GRAVAMEN LEY 25413 S/CRED;-133.26;;31176275.64
18/01/2023;REG.REC.SIRCREB;-310.93;;31175964.71
18/01/2023;GRAVAMEN LEY 25413 S/CRED;-290.70;;31175674.01
18/01/2023;REG.REC.SIRCREB;-678.30;;31174995.71
18/01/2023;GRAVAMEN LEY 25413 S/CRED;-900.39;;31174095.32
18/01/2023;GRAVAMEN LEY 25413 S/CRED;-406.20;;31194466.39
18/01/2023;REG.REC.SIRCREB;-947.80;;31193518.59
18/01/2023;GRAVAMEN LEY 25413 S/CRED;-335.61;;31193182.98
18/01/2023;REG.REC.SIRCREB;-783.09;;31192399.89
18/01/2023;GRAVAMEN LEY 25413 S/DEB;-346.50;;31192053.39
18/01/2023;REG.REC.SIRCREB;-2100.91;;31171994.41
18/01/2023;GRAVAMEN LEY 25413 S/CRED;-173.83;;31171820.58
18/01/2023;REG.REC.SIRCREB;-405.59;;31171414.99
18/01/2023;GRAVAMEN LEY 25413 S/DEB;-0.46;;31171414.53
18/01/2023;GRAVAMEN LEY 25413 S/CRED;-297.44;;31171117.09
18/01/2023;REG.REC.SIRCREB;-694.03;;31170423.06
18/01/2023;GRAVAMEN LEY 25413 S/DEB;-0.10;;31170422.96
18/01/2023;GRAVAMEN LEY 25413 S/DEB;-3.44;;31170419.52
18/01/2023;GRAVAMEN LEY 25413 S/DEB;-5.93;;31170413.59
18/01/2023;GRAVAMEN LEY 25413 S/DEB;-3.91;;31170409.68
18/01/2023;GRAVAMEN LEY 25413 S/DEB;-7.54;;31170402.14
18/01/2023;GRAVAMEN LEY 25413 S/DEB;-16.63;;31170385.51
18/01/2023;GRAVAMEN LEY 25413 S/DEB;-1.59;;31170383.92
18/01/2023;GRAVAMEN LEY 25413 S/DEB;-1.11;;31170382.81
18/01/2023;GRAVAMEN LEY 25413 S/DEB;-1.20;;31170381.61
18/01/2023;GRAVAMEN LEY 25413 S/DEB;-174.99;;31170206.62
18/01/2023;GRAVAMEN LEY 25413 S/DEB;-2.55;;31170204.07
18/01/2023;GRAVAMEN LEY 25413 S/DEB;-0.50;;31170203.57
18/01/2023;GRAVAMEN LEY 25413 S/DEB;-0.76;;31170202.81
18/01/2023;GRAVAMEN LEY 25413 S/DEB;-1.96;;31170200.85
18/01/2023;GRAVAMEN LEY 25413 S/DEB;-3.53;;31170197.32
18/01/2023;GRAVAMEN LEY 25413 S/DEB;-3.30;;31170194.02
18/01/2023;GRAVAMEN LEY 25413 S/DEB;-2.46;;31170191.56
18/01/2023;GRAVAMEN LEY 25413 S/DEB;-5.83;;31170185.73
18/01/2023;GRAVAMEN LEY 25413 S/DEB;-5.05;;31170180.68
18/01/2023;GRAVAMEN LEY 25413 S/DEB;-0.68;;31170180.00
18/01/2023;GRAVAMEN LEY 25413 S/DEB;-1.68;;31170178.32
18/01/2023;GRAVAMEN LEY 25413 S/DEB;-0.50;;31170177.82
18/01/2023;GRAVAMEN LEY 25413 S/DEB;-2.45;;31170175.37
18/01/2023;GRAVAMEN LEY 25413 S/DEB;-7.37;;31170168.00
18/01/2023;GRAVAMEN LEY 25413 S/DEB;-0.33;;31170167.67
18/01/2023;GRAVAMEN LEY 25413 S/DEB;-4.97;;31170162.70
18/01/2023;GRAVAMEN LEY 25413 S/DEB;-3.13;;31170159.57
18/01/2023;GRAVAMEN LEY 25413 S/DEB;-4.22;;31170155.35
18/01/2023;GRAVAMEN LEY 25413 S/DEB;-1.72;;31170153.63
18/01/2023;GRAVAMEN LEY 25413 S/DEB;-1.08;;31170152.55
18/01/2023;TRANSF. VAR 23951099619;40995.00;;27488562.46
18/01/2023;TRANSF. VAR 20944638319;70538.00;;27559100.46
18/01/2023;TRANSF. VAR 27250067602 ELSA BEATRIZ AIZA;46553.02;;27605653.48
18/01/2023;TRANSF. VAR 23369267094;89751.00;;27695404.48
18/01/2023;TRANSF. VAR 27940147102;197932.00;;27893336.48
18/01/2023;TRANSF. VAR 27943529367;18888.00;;27912224.48
18/01/2023;REG.REC.SIRCREB;-1125.21;;31179404.78
18/01/2023;GRAVAMEN LEY 25413 S/CRED;-228.62;;31179176.16
18/01/2023;REG.REC.SIRCREB;-533.44;;31178642.72
18/01/2023;GRAVAMEN LEY 25413 S/CRED;-670.15;;31177972.57
18/01/2023;REG.REC.SIRCREB;-113.82;;31203346.91
18/01/2023;GRAVAMEN LEY 25413 S/CRED;-120.00;;31203226.91
18/01/2023;REG.REC.SIRCREB;-280.00;;31202946.91
18/01/2023;GRAVAMEN LEY 25413 S/CRED;-35.52;;31202911.39
18/01/2023;REG.REC.SIRCREB;-82.88;;31202828.51
18/01/2023;GRAVAMEN LEY 25413 S/CRED;-175.24;;31202653.27
18/01/2023;REG.REC.SIRCREB;-408.88;;31202244.39
18/01/2023;GRAVAMEN LEY 25413 S/CRED;-526.72;;31201717.67
18/01/2023;REG.REC.SIRCREB;-1229.02;;31200488.65
18/01/2023;GRAVAMEN LEY 25413 S/DEB;-30.73;;31200457.92
18/01/2023;GRAVAMEN LEY 25413 S/DEB;-30.91;;31200427.01
18/01/2023;GRAVAMEN LEY 25413 S/DEB;-128.25;;31200298.76
18/01/2023;GRAVAMEN LEY 25413 S/DEB;-61.84;;31200236.92
18/01/2023;GRAVAMEN LEY 25413 S/CRED;-23.70;;31200213.22
18/01/2023;REG.REC.SIRCREB;-55.31;;31200157.91
18/01/2023;TRANSF. VAR 20380932815;69430.00;;30096019.18
18/01/2023;TRANSF. VAR 27949263202 FAJARDO VILAJA, RUTH;60141.00;;30156160.18
18/01/2023;TRANSF. VAR 20241453805;8130.00;;30164290.18
18/01/2023;TRANSF. VAR 27285294393;20000.00;;30184290.18
18/01/2023;TRANSF. VAR 20364503831;5920.00;;30190210.18
18/01/2023;TRANSF. VAR 20954552064;29206.00;;30219416.18
18/01/2023;TRANSF. FAC 20190786499 GARCIA V  CARLOS;87787.07;;30307203.25
18/01/2023;PAGO LINK-INMOBILIARIO RIO NEGRO;-5122.20;;30302081.05
18/01/2023;PAGO LINK-INMOBILIARIO RIO NEGRO;-5151.80;;30296929.25
18/01/2023;PAGO LINK-INMOBILIARIO RIO NEGRO;-21374.50;;30275554.75
18/01/2023;PAGO LINK-INMOBILIARIO RIO NEGRO;-10306.30;;30265248.45
18/01/2023;TRANSF. VAR 20219911026;3950.53;;30269198.98
18/01/2023;TRANSF. VAR 27958130770 LUSINDA APARICIO HUANC;59162.00;;30328360.98
18/01/2023;TRANSF. VAR 27240852166;37299.00;;30365659.98
18/01/2023;TRANSF. FAC 23169263639 KETTE JUAN CARLOS;50219.75;;30415879.73
18/01/2023;PAGO LINK-ESCO CAPITALIZ Y AHORRO;-132000.00;;30283879.73
18/01/2023;TRANSF. FAC 27940846566;20523.86;;30304403.59
18/01/2023;PAGO LINK-ESCO CAPITALIZ Y AHORRO;-132000.00;;30172403.59
18/01/2023;TRANSF. VAR 20209857074;12861.53;;30185265.12
18/01/2023;TRANSF. VAR 27381747617;5000.00;;30190265.12
18/01/2023;TRANSF. 30715403524 MERCADOS PATAGONICOS S.R.L;67700.26;;30257965.38
18/01/2023;TRANSF. VAR 20317960477;55935.00;;30313900.38
18/01/2023;PAGO LINK-ESCO CAPITALIZ Y AHORRO;-57750.00;;30256150.38
18/01/2023;PAGO LINK-ESCO CAPITALIZ Y AHORRO;-57750.00;;30198400.38
18/01/2023;TRANSF. VAR 20319385267;39580.00;;30237980.38
18/01/2023;TRANSF. VAR 20163844371 GARRAMUNO/JUAN F;15374.13;;30253354.51
18/01/2023;TRANSF. VAR 20419697592 GARCIA, MATIAS EZEQUIE;40375.00;;30293729.51
18/01/2023;TRANSF. VAR 20240937191;57225.00;;30350954.51
18/01/2023;TRANSF. 30715403524 MERCADOS PATAGONICOS S.R.L;2040.00;;30352994.51
18/01/2023;TRANSF. VAR 20954560245 MARTINEZ B  DAVID;48368.19;;30401362.70
18/01/2023;TRANSF. VAR 20936467769;22087.00;;30423449.70
18/01/2023;TRANSF. VAR 27272554043;9643.00;;30433092.70
18/01/2023;TRANSF. VAR 20315601054;12398.00;;30445490.70
18/01/2023;TRANSF. VAR 27333765395;7323.67;;30452814.37
18/01/2023;TRANSF. VAR 27393552927;22077.00;;30474891.37
18/01/2023;TRANSF. VAR 23333798379;49900.28;;30524791.65
18/01/2023;TRANSF. VAR 27190869798;8243.00;;30533034.65
18/01/2023;TRANSF. VAR 20230397962 COLQUE, LUIS ALBERTO;55312.01;;30588346.66
18/01/2023;TRANSF. VAR 20243926905;21173.00;;30609519.66
18/01/2023;TRANSF. VAR 27945534104;22970.00;;30632489.66
18/01/2023;TRANSF. VAR 27228661169 VAZQUEZ, ROSSANA CARIN;76975.26;;30709464.92
18/01/2023;TRANSF. VAR 20380928788;23670.00;;30733134.92
18/01/2023;GRAVAMEN LEY 25413 S/CRED;-354.97;;31199802.94
18/01/2023;REG.REC.SIRCREB;-828.27;;31198974.67
18/01/2023;GRAVAMEN LEY 25413 S/CRED;-223.79;;31198750.88
18/01/2023;GRAVAMEN LEY 25413 S/DEB;-4.16;;31170052.35
18/01/2023;GRAVAMEN LEY 25413 S/CRED;-49.46;;31185129.62
18/01/2023;TRANSF. VAR 27281195722;80371.95;;30813506.87
18/01/2023;TRANSF. VAR 20937674539 ORTEGA RAMIREZ VICTOR;38103.00;;30851609.87
18/01/2023;TRANSF. 30715761811 MALTA S SRL;111691.00;;30963300.87
18/01/2023;TRANSF. VAR 27329726865;22209.51;;30985510.38
18/01/2023;TRANSF. VAR 20410513960;48450.00;;31033960.38
18/01/2023;TRANSF.INT.DIST.TITULAR  -LINK;150065.23;;31184025.61
18/01/2023;CR DEBIN SPOT            -LINK;28971.00;;31212996.61
18/01/2023;COMIS.DEB.TRANSF.INTERPYM;-77.00;;31212919.61
18/01/2023;DEP. CH. 48 HS. BNA;49573.41;;31262493.02
18/01/2023;I.V.A. BASE;-16.17;;31262476.85
18/01/2023;GRAVAMEN LEY 25413 S/CRED;-245.97;;31262230.88
18/01/2023;REG.REC.SIRCREB;-573.93;;31261656.95
18/01/2023;GRAVAMEN LEY 25413 S/CRED;-423.23;;31261233.72
18/01/2023;REG.REC.SIRCREB;-987.53;;31260246.19
18/01/2023;GRAVAMEN LEY 25413 S/CRED;-279.32;;31259966.87
18/01/2023;REG.REC.SIRCREB;-651.74;;31259315.13
18/01/2023;GRAVAMEN LEY 25413 S/CRED;-538.51;;31258776.62
18/01/2023;REG.REC.SIRCREB;-1256.51;;31257520.11
18/01/2023;GRAVAMEN LEY 25413 S/CRED;-1187.59;;31256332.52
18/01/2023;REG.REC.SIRCREB;-2771.05;;31253561.47
18/01/2023;GRAVAMEN LEY 25413 S/CRED;-113.33;;31253448.14
18/01/2023;REG.REC.SIRCREB;-264.43;;31253183.71
18/01/2023;GRAVAMEN LEY 25413 S/DEB;-888.18;;31252295.53
18/01/2023;GRAVAMEN LEY 25413 S/DEB;-388.50;;31251907.03
18/01/2023;GRAVAMEN LEY 25413 S/CRED;-79.01;;31251828.02
18/01/2023;REG.REC.SIRCREB;-184.35;;31251643.67
18/01/2023;GRAVAMEN LEY 25413 S/CRED;-85.69;;31251557.98
18/01/2023;REG.REC.SIRCREB;-199.93;;31251358.05
18/01/2023;GRAVAMEN LEY 25413 S/CRED;-12499.50;;31238858.55
18/01/2023;REG.REC.SIRCREB;-29165.50;;31209693.05
18/01/2023;GRAVAMEN LEY 25413 S/CRED;-181.80;;31209511.25
18/01/2023;REG.REC.SIRCREB;-424.20;;31209087.05
18/01/2023;GRAVAMEN LEY 25413 S/CRED;-35.38;;31209051.67
18/01/2023;REG.REC.SIRCREB;-82.56;;31208969.11
18/01/2023;GRAVAMEN LEY 25413 S/CRED;-54.00;;31208915.11
18/01/2023;REG.REC.SIRCREB;-126.00;;31208789.11
18/01/2023;GRAVAMEN LEY 25413 S/DEB;-9.60;;31208779.51
18/01/2023;GRAVAMEN LEY 25413 S/CRED;-139.90;;31208639.61
18/01/2023;REG.REC.SIRCREB;-326.44;;31208313.17
18/01/2023;GRAVAMEN LEY 25413 S/CRED;-252.18;;31208060.99
18/01/2023;REG.REC.SIRCREB;-588.41;;31207472.58
18/01/2023;GRAVAMEN LEY 25413 S/CRED;-235.65;;31207236.93
18/01/2023;REG.REC.SIRCREB;-115.40;;31185014.22
18/01/2023;REG.REC.SIRCREB;-549.84;;31206687.09
18/01/2023;GRAVAMEN LEY 25413 S/CRED;-175.85;;31206511.24
18/01/2023;REG.REC.SIRCREB;-410.31;;31206100.93
18/01/2023;GRAVAMEN LEY 25413 S/CRED;-416.58;;31205684.35
18/01/2023;REG.REC.SIRCREB;-972.02;;31204712.33
18/01/2023;GRAVAMEN LEY 25413 S/CRED;-360.85;;31204351.48
18/01/2023;REG.REC.SIRCREB;-841.97;;31203509.51
18/01/2023;GRAVAMEN LEY 25413 S/CRED;-48.78;;31203460.73
18/01/2023;GRAVAMEN LEY 25413 S/CRED;-331.87;;31184682.35
18/01/2023;REG.REC.SIRCREB;-774.37;;31183907.98
18/01/2023;GRAVAMEN LEY 25413 S/CRED;-127.04;;31183780.94
18/01/2023;REG.REC.SIRCREB;-296.42;;31183484.52
18/01/2023;GRAVAMEN LEY 25413 S/CRED;-137.82;;31183346.70
18/01/2023;REG.REC.SIRCREB;-321.58;;31183025.12
18/01/2023;GRAVAMEN LEY 25413 S/CRED;-461.85;;31182563.27
18/01/2023;REG.REC.SIRCREB;-1077.65;;31181485.62
18/01/2023;GRAVAMEN LEY 25413 S/CRED;-142.02;;31181343.60
18/01/2023;REG.REC.SIRCREB;-331.38;;31181012.22
18/01/2023;GRAVAMEN LEY 25413 S/CRED;-482.23;;31180529.99
18/01/2023;DEP.EFVO.INTERS.         -SUC 3100;2083250.00;;29810143.82
18/01/2023;TRANSF. VAR 20055166324;30300.16;;29840443.98
18/01/2023;TRANSF. VAR 27344037839;5897.00;;29846340.98
18/01/2023;TRANSF. VAR 27295087086;9000.00;;29855340.98
18/01/2023;TRANSF. 30711130655 I.S.P. GROUP S.R.L.;-1600.00;;29853740.98
18/01/2023;TRANSF. VAR 23940898749;23317.00;;29877057.98
18/01/2023;TRANSF. FAC 27940846566 MARQUEZ CARDOZO MARGAR;8919.00;;29885976.98
18/01/2023;TRANSF. VAR 27380927301;42029.56;;29928006.54
18/01/2023;TRANSF. VAR 20325783061;39274.64;;29967281.18
18/01/2023;TRANSF. FAC 27940846566 MARQUEZ CARDOZO MARGAR;30000.00;;29997281.18
18/01/2023;TRANSF. FAC 27940846566;29308.00;;30026589.18
18/01/2023;GRAVAMEN LEY 25413 S/DEB;-346.50;;31191706.89
18/01/2023;GRAVAMEN LEY 25413 S/DEB;-0.42;;31170152.13
18/01/2023;GRAVAMEN LEY 25413 S/DEB;-5.69;;31170146.44
18/01/2023;GRAVAMEN LEY 25413 S/DEB;-4.70;;31170141.74
18/01/2023;GRAVAMEN LEY 25413 S/DEB;-3.32;;31170138.42
18/01/2023;GRAVAMEN LEY 25413 S/DEB;-1.29;;31170137.13
18/01/2023;GRAVAMEN LEY 25413 S/DEB;-3.39;;31170133.74
18/01/2023;GRAVAMEN LEY 25413 S/DEB;-4.81;;31170128.93
18/01/2023;GRAVAMEN LEY 25413 S/CRED;-237.48;;31191469.41
18/01/2023;REG.REC.SIRCREB;-554.12;;31190915.29
18/01/2023;GRAVAMEN LEY 25413 S/CRED;-92.24;;31190823.05
18/01/2023;REG.REC.SIRCREB;-215.24;;31190607.81
18/01/2023;GRAVAMEN LEY 25413 S/CRED;-242.25;;31190365.56
18/01/2023;REG.REC.SIRCREB;-565.25;;31189800.31
18/01/2023;GRAVAMEN LEY 25413 S/CRED;-343.35;;31189456.96
18/01/2023;REG.REC.SIRCREB;-801.15;;31188655.81
18/01/2023;GRAVAMEN LEY 25413 S/CRED;-12.24;;31188643.57
18/01/2023;REG.REC.SIRCREB;-28.56;;31188615.01
18/01/2023;GRAVAMEN LEY 25413 S/CRED;-290.21;;31188324.80
18/01/2023;REG.REC.SIRCREB;-677.15;;31187647.65
18/01/2023;GRAVAMEN LEY 25413 S/CRED;-132.52;;31187515.13
18/01/2023;REG.REC.SIRCREB;-309.22;;31187205.91
18/01/2023;GRAVAMEN LEY 25413 S/CRED;-57.86;;31187148.05
18/01/2023;REG.REC.SIRCREB;-135.00;;31187013.05
18/01/2023;GRAVAMEN LEY 25413 S/CRED;-74.39;;31186938.66
18/01/2023;REG.REC.SIRCREB;-173.57;;31186765.09
18/01/2023;GRAVAMEN LEY 25413 S/CRED;-43.94;;31186721.15
18/01/2023;REG.REC.SIRCREB;-102.53;;31186618.62
18/01/2023;GRAVAMEN LEY 25413 S/CRED;-132.46;;31186486.16
18/01/2023;REG.REC.SIRCREB;-309.08;;31186177.08
18/01/2023;GRAVAMEN LEY 25413 S/CRED;-299.40;;31185877.68
18/01/2023;REG.REC.SIRCREB;-698.60;;31185179.08
18/01/2023;GRAVAMEN LEY 25413 S/DEB;-0.17;;31170128.76
18/01/2023;GRAVAMEN LEY 25413 S/DEB;-4.06;;31170124.70
18/01/2023;GRAVAMEN LEY 25413 S/DEB;-1.86;;31170122.84
18/01/2023;GRAVAMEN LEY 25413 S/DEB;-0.81;;31170122.03
18/01/2023;GRAVAMEN LEY 25413 S/DEB;-1.04;;31170120.99
18/01/2023;GRAVAMEN LEY 25413 S/DEB;-0.62;;31170120.37
18/01/2023;GRAVAMEN LEY 25413 S/DEB;-1.85;;31170118.52
18/01/2023;GRAVAMEN LEY 25413 S/DEB;-4.19;;31170114.33
18/01/2023;GRAVAMEN LEY 25413 S/DEB;-0.69;;31170113.64
18/01/2023;GRAVAMEN LEY 25413 S/DEB;-4.65;;31170108.99
18/01/2023;GRAVAMEN LEY 25413 S/DEB;-1.78;;31170107.21
18/01/2023;GRAVAMEN LEY 25413 S/DEB;-1.93;;31170105.28
18/01/2023;GRAVAMEN LEY 25413 S/DEB;-6.47;;31170098.81
18/01/2023;GRAVAMEN LEY 25413 S/DEB;-1.99;;31170096.82
18/01/2023;GRAVAMEN LEY 25413 S/DEB;-6.75;;31170090.07
18/01/2023;GRAVAMEN LEY 25413 S/DEB;-3.20;;31170086.87
18/01/2023;GRAVAMEN LEY 25413 S/DEB;-9.38;;31170077.49
18/01/2023;GRAVAMEN LEY 25413 S/DEB;-1.87;;31170075.62
18/01/2023;GRAVAMEN LEY 25413 S/DEB;-4.07;;31170071.55
18/01/2023;GRAVAMEN LEY 25413 S/DEB;-12.61;;31170058.94
18/01/2023;GRAVAMEN LEY 25413 S/DEB;-2.43;;31170056.51
17/01/2023;GRAVAMEN LEY 25413 S/DEB;-7.67;;27447576.52
17/01/2023;GRAVAMEN LEY 25413 S/DEB;-9.06;;27447567.46
17/01/2023;GRAVAMEN LEY 25413 S/CRED;-57.98;;27464112.94
17/01/2023;REG.REC.SIRCREB;-135.28;;27463977.66
17/01/2023;GRAVAMEN LEY 25413 S/CRED;-185.36;;27463792.30
17/01/2023;REG.REC.SIRCREB;-432.52;;27463359.78
17/01/2023;GRAVAMEN LEY 25413 S/CRED;-123.44;;27463236.34
17/01/2023;REG.REC.SIRCREB;-288.02;;27462948.32
17/01/2023;GRAVAMEN LEY 25413 S/DEB;-3848.77;;27459099.55
17/01/2023;GRAVAMEN LEY 25413 S/CRED;-270.61;;27458828.94
17/01/2023;REG.REC.SIRCREB;-631.43;;27458197.51
17/01/2023;GRAVAMEN LEY 25413 S/CRED;-195.16;;27458002.35
17/01/2023;REG.REC.SIRCREB;-455.38;;27457546.97
17/01/2023;GRAVAMEN LEY 25413 S/CRED;-70.64;;27457476.33
17/01/2023;REG.REC.SIRCREB;-164.82;;27457311.51
17/01/2023;GRAVAMEN LEY 25413 S/CRED;-71.74;;27457239.77
17/01/2023;REG.REC.SIRCREB;-167.40;;27457072.37
17/01/2023;GRAVAMEN LEY 25413 S/CRED;-88.68;;27456983.69
17/01/2023;REG.REC.SIRCREB;-206.92;;27456776.77
17/01/2023;GRAVAMEN LEY 25413 S/CRED;-15.60;;27456761.17
17/01/2023;REG.REC.SIRCREB;-36.40;;27456724.77
17/01/2023;GRAVAMEN LEY 25413 S/CRED;-63.43;;27456661.34
17/01/2023;REG.REC.SIRCREB;-147.99;;27456513.35
17/01/2023;GRAVAMEN LEY 25413 S/CRED;-79.66;;27456433.69
17/01/2023;REG.REC.SIRCREB;-185.87;;27456247.82
17/01/2023;GRAVAMEN LEY 25413 S/CRED;-76.83;;27456170.99
17/01/2023;REG.REC.SIRCREB;-179.27;;27455991.72
17/01/2023;GRAVAMEN LEY 25413 S/CRED;-93.20;;27455898.52
17/01/2023;REG.REC.SIRCREB;-217.46;;27455681.06
17/01/2023;GRAVAMEN LEY 25413 S/CRED;-604.09;;27455076.97
17/01/2023;REG.REC.SIRCREB;-1409.54;;27453667.43
17/01/2023;GRAVAMEN LEY 25413 S/CRED;-54.50;;27453612.93
17/01/2023;REG.REC.SIRCREB;-127.16;;27453485.77
17/01/2023;GRAVAMEN LEY 25413 S/CRED;-284.12;;27453201.65
17/01/2023;REG.REC.SIRCREB;-662.94;;27452538.71
17/01/2023;GRAVAMEN LEY 25413 S/CRED;-214.39;;27452324.32
17/01/2023;REG.REC.SIRCREB;-500.25;;27451824.07
17/01/2023;GRAVAMEN LEY 25413 S/CRED;-547.66;;27451276.41
17/01/2023;REG.REC.SIRCREB;-1277.88;;27449998.53
17/01/2023;GRAVAMEN LEY 25413 S/CRED;-647.44;;27449351.09
17/01/2023;REG.REC.SIRCREB;-1510.70;;27447840.39
17/01/2023;GRAVAMEN LEY 25413 S/DEB;-1.03;;27447839.36
17/01/2023;GRAVAMEN LEY 25413 S/DEB;-235.51;;27520941.28
17/01/2023;GRAVAMEN LEY 25413 S/CRED;-139.50;;27520801.78
17/01/2023;REG.REC.SIRCREB;-325.50;;27520476.28
17/01/2023;GRAVAMEN LEY 25413 S/CRED;-66.31;;27520409.97
17/01/2023;REG.REC.SIRCREB;-154.71;;27520255.26
17/01/2023;GRAVAMEN LEY 25413 S/CRED;-124.73;;27520130.53
17/01/2023;REG.REC.SIRCREB;-291.03;;27519839.50
17/01/2023;GRAVAMEN LEY 25413 S/CRED;-6424.20;;27513415.30
17/01/2023;REG.REC.SIRCREB;-14989.80;;27498425.50
17/01/2023;GRAVAMEN LEY 25413 S/CRED;-888.00;;27497537.50
17/01/2023;REG.REC.SIRCREB;-2072.00;;27495465.50
17/01/2023;GRAVAMEN LEY 25413 S/CRED;-144.65;;27495320.85
17/01/2023;REG.REC.SIRCREB;-337.51;;27494983.34
17/01/2023;GRAVAMEN LEY 25413 S/CRED;-117.80;;27494865.54
17/01/2023;REG.REC.SIRCREB;-274.87;;27494590.67
17/01/2023;GRAVAMEN LEY 25413 S/CRED;-31.62;;27494559.05
17/01/2023;REG.REC.SIRCREB;-73.78;;27494485.27
17/01/2023;GRAVAMEN LEY 25413 S/CRED;-167.65;;27494317.62
17/01/2023;GRAVAMEN LEY 25413 S/DEB;-89.94;;27447715.77
17/01/2023;GRAVAMEN LEY 25413 S/DEB;-12.43;;27447703.34
17/01/2023;GRAVAMEN LEY 25413 S/DEB;-1.00;;27447606.24
17/01/2023;GRAVAMEN LEY 25413 S/DEB;-1.24;;27447605.00
17/01/2023;GRAVAMEN LEY 25413 S/DEB;-0.22;;27447604.78
17/01/2023;GRAVAMEN LEY 25413 S/DEB;-0.89;;27447603.89
17/01/2023;GRAVAMEN LEY 25413 S/DEB;-2.03;;27447701.31
17/01/2023;GRAVAMEN LEY 25413 S/DEB;-1.65;;27447699.66
17/01/2023;GRAVAMEN LEY 25413 S/DEB;-0.44;;27447699.22
17/01/2023;GRAVAMEN LEY 25413 S/DEB;-2.35;;27447696.87
17/01/2023;GRAVAMEN LEY 25413 S/DEB;-1.55;;27447695.32
17/01/2023;GRAVAMEN LEY 25413 S/DEB;-2.77;;27447692.55
17/01/2023;GRAVAMEN LEY 25413 S/DEB;-1.06;;27447691.49
17/01/2023;GRAVAMEN LEY 25413 S/DEB;-11.29;;27447680.20
17/01/2023;GRAVAMEN LEY 25413 S/DEB;-1.21;;27447678.99
17/01/2023;GRAVAMEN LEY 25413 S/DEB;-3.71;;27447675.28
17/01/2023;GRAVAMEN LEY 25413 S/DEB;-8.48;;27447666.80
17/01/2023;GRAVAMEN LEY 25413 S/DEB;-0.34;;27447666.46
17/01/2023;GRAVAMEN LEY 25413 S/DEB;-0.92;;27447665.54
17/01/2023;GRAVAMEN LEY 25413 S/DEB;-0.81;;27447664.73
17/01/2023;GRAVAMEN LEY 25413 S/DEB;-6.03;;27447658.70
17/01/2023;GRAVAMEN LEY 25413 S/DEB;-3.75;;27447654.95
17/01/2023;GRAVAMEN LEY 25413 S/DEB;-2.94;;27447652.01
17/01/2023;GRAVAMEN LEY 25413 S/DEB;-13.94;;27447638.07
17/01/2023;GRAVAMEN LEY 25413 S/DEB;-2.86;;27447635.21
17/01/2023;GRAVAMEN LEY 25413 S/DEB;-5.29;;27447629.92
17/01/2023;GRAVAMEN LEY 25413 S/DEB;-1.99;;27447627.93
17/01/2023;GRAVAMEN LEY 25413 S/DEB;-1.51;;27447626.42
17/01/2023;GRAVAMEN LEY 25413 S/DEB;-1.95;;27447624.47
17/01/2023;GRAVAMEN LEY 25413 S/DEB;-2.27;;27447622.20
17/01/2023;GRAVAMEN LEY 25413 S/DEB;-2.31;;27447619.89
17/01/2023;GRAVAMEN LEY 25413 S/DEB;-0.81;;27447619.08
17/01/2023;GRAVAMEN LEY 25413 S/DEB;-2.60;;27447616.48
17/01/2023;GRAVAMEN LEY 25413 S/DEB;-1.73;;27447614.75
17/01/2023;GRAVAMEN LEY 25413 S/DEB;-3.79;;27447610.96
17/01/2023;GRAVAMEN LEY 25413 S/DEB;-2.73;;27447608.23
17/01/2023;GRAVAMEN LEY 25413 S/DEB;-0.99;;27447607.24
17/01/2023;GRAVAMEN LEY 25413 S/DEB;-1.12;;27447602.77
17/01/2023;GRAVAMEN LEY 25413 S/CRED;-164.96;;27464555.84
17/01/2023;REG.REC.SIRCREB;-384.92;;27464170.92
17/01/2023;GRAVAMEN LEY 25413 S/DEB;-1.08;;27447601.69
17/01/2023;GRAVAMEN LEY 25413 S/DEB;-1.30;;27447600.39
17/01/2023;GRAVAMEN LEY 25413 S/DEB;-8.46;;27447591.93
17/01/2023;GRAVAMEN LEY 25413 S/DEB;-0.76;;27447591.17
17/01/2023;GRAVAMEN LEY 25413 S/DEB;-3.98;;27447587.19
17/01/2023;GRAVAMEN LEY 25413 S/DEB;-3.00;;27447584.19
17/01/2023;TRANSF. VAR 27242725854;18492.00;;28285559.67
17/01/2023;TRANSF. VAR 23943370184;32921.62;;28318481.29
17/01/2023;TRANSF. FAC 23243612349 OCHOA ADOLFO RAUL;40230.64;;28358711.93
17/01/2023;TRANSF. VAR 20149248839;12570.00;;28371281.93
17/01/2023;TRANSF. VAR 23448638804 GUZMAN MARINANCO LUCIA;28162.27;;28399444.20
17/01/2023;TRANSF. VAR 27252249953;134448.08;;28533892.28
17/01/2023;TRANSF. VAR 27343550842;14444.95;;28548337.23
17/01/2023;TRANSF. 30714539910 LA GERMANIA S.R.L.;44170.32;;28592507.55
17/01/2023;TRANSF. 30714752223 HUARACHI Y VASQUEZ S.H;100910.53;;28693418.08
17/01/2023;TRANSF. VAR 27268224500;4000.00;;28697418.08
17/01/2023;TRANSF. VAR 27333765395;10953.74;;28708371.82
17/01/2023;TRANSF. VAR 27227480594;9600.00;;28717971.82
17/01/2023;TRANSF. VAR 27396468293;71757.42;;28789729.24
17/01/2023;TRANSF. VAR 27237891800;44637.00;;28834366.24
17/01/2023;TRANSF. VAR 20927774195;35047.00;;28869413.24
17/01/2023;GRAVAMEN LEY 25413 S/DEB;-8.43;;27447813.70
17/01/2023;GRAVAMEN LEY 25413 S/DEB;-3.36;;27447810.34
17/01/2023;GRAVAMEN LEY 25413 S/DEB;-1.95;;27447808.39
17/01/2023;GRAVAMEN LEY 25413 S/DEB;-0.93;;27447807.46
17/01/2023;TRANSF. 30717832325 BARRANQUERO SAS;165914.00;;29035327.24
17/01/2023;TRANSF. FAC 30648060846;-1905792.40;;27129534.84
17/01/2023;TRANSF. VAR 20380928788;33999.00;;27163533.84
17/01/2023;TRANSF. FAC 27326947240 FARIAS  CRISTINA S;62924.64;;27226458.48
17/01/2023;TRANSF. VAR 20180845977;23663.00;;27250121.48
17/01/2023;TRANSF. VAR 27945549195;17927.99;;27268049.47
17/01/2023;TRANSF. VAR 20243926905;23195.00;;27291244.47
17/01/2023;TRANSF. VAR 27941054574;26970.00;;27318214.47
17/01/2023;TRANSF. FAC 27427094389 CARDOZO  CAMILA D;200000.00;;27518214.47
17/01/2023;TRANSF. VAR 27146673037;27494.00;;27545708.47
17/01/2023;TRANSF. VAR 27272554043;9663.00;;27555371.47
17/01/2023;TRANSF. FAC 23169263639 KETTE JUAN CARLOS;30894.15;;27586265.62
17/01/2023;TRANSF. VAR 20275169634;20573.00;;27606838.62
17/01/2023;TRANSF. FAC 30716680807;-641462.37;;26965376.25
17/01/2023;TRANSF. VAR 23252248684;45101.91;;27010478.16
17/01/2023;TRANSF. VAR 27960629707;32527.15;;27043005.31
17/01/2023;TRANSF. VAR 27340494224;11773.00;;27054778.31
17/01/2023;TRANSF. VAR 27324674719;11957.00;;27066735.31
17/01/2023;TRANSF. VAR 20215364969 STACH, SERGIO EDUARDO;14780.00;;27081515.31
17/01/2023;TRANSF. VAR 20235954916;2600.00;;27084115.31
17/01/2023;GRAVAMEN LEY 25413 S/DEB;-1.75;;27447805.71
17/01/2023;TRANSF. VAR 27243705547 SCHECHTEL/ALEJANDRA;10571.02;;27094686.33
17/01/2023;TRANSF. FAC 27930478836 AVALOS  PRIMA;13276.39;;27107962.72
17/01/2023;TRANSF. FAC 27941558602 MOYA JAQUELIN CAROLA;12805.00;;27120767.72
17/01/2023;TRANSF. VAR 20931152719 CRUZ/FUENTES C;15533.00;;27136300.72
17/01/2023;TRANSF. VAR 27228661169 VAZQUEZ, ROSSANA CARIN;100681.20;;27236981.92
17/01/2023;TRANSF. FAC 27315918664 LEPORI, CINTIA ANAHI;9082.68;;27246064.60
17/01/2023;CR DEBIN SPOT            -LINK;47353.00;;27293417.60
17/01/2023;TRANSF.INT.DIST.TITULAR  -LINK;35731.81;;27329149.41
17/01/2023;TRANSF. VAR 27281195722;91277.02;;27420426.43
17/01/2023;DEP. CH. 24 HS. BNA;107907.02;;27528333.45
17/01/2023;GRAVAMEN LEY 25413 S/CRED;-73.92;;27528259.53
17/01/2023;REG.REC.SIRCREB;-172.47;;27528087.06
17/01/2023;GRAVAMEN LEY 25413 S/CRED;-708.55;;27527378.51
17/01/2023;REG.REC.SIRCREB;-1653.27;;27525725.24
17/01/2023;GRAVAMEN LEY 25413 S/CRED;-108.00;;27525617.24
17/01/2023;REG.REC.SIRCREB;-252.00;;27525365.24
17/01/2023;GRAVAMEN LEY 25413 S/CRED;-160.09;;27525205.15
17/01/2023;REG.REC.SIRCREB;-373.55;;27524831.60
17/01/2023;GRAVAMEN LEY 25413 S/CRED;-254.64;;27524576.96
17/01/2023;REG.REC.SIRCREB;-594.16;;27523982.80
17/01/2023;GRAVAMEN LEY 25413 S/CRED;-601.80;;27523381.00
17/01/2023;REG.REC.SIRCREB;-1404.21;;27521976.79
17/01/2023;GRAVAMEN LEY 25413 S/CRED;-240.00;;27521736.79
17/01/2023;REG.REC.SIRCREB;-560.00;;27521176.79
17/01/2023;TRANSF. VAR 27299207949 D OLIVO, LORENA PAOLA;12319.60;;26579865.86
17/01/2023;TRANSF. FAC 20286953353 MENDEZ DIEGO EZEQUIEL;118091.04;;26697956.90
17/01/2023;TRANSF. VAR 27242150452;18000.00;;26715956.90
17/01/2023;TRANSF. VAR 23951099619;26682.00;;26742638.90
17/01/2023;TRANSF. VAR 20940074887;42440.00;;26785078.90
17/01/2023;TRANSF. VAR 30715403524;100300.39;;26885379.29
17/01/2023;TRANSF. VAR 27285294393;40000.00;;26925379.29
17/01/2023;TRANSF. FAC 30707013431;-39251.14;;26886128.15
17/01/2023;TRANSF. VAR 20174987182;23250.00;;26909378.15
17/01/2023;TRANSF. VAR 20045551777;11051.00;;26920429.15
17/01/2023;TRANSF. VAR 27228661827;20788.00;;26941217.15
17/01/2023;GRAVAMEN LEY 25413 S/DEB;-9.92;;27447829.44
17/01/2023;REG.REC.SIRCREB;-391.17;;27493926.45
17/01/2023;GRAVAMEN LEY 25413 S/CRED;-110.95;;27493815.50
17/01/2023;REG.REC.SIRCREB;-258.89;;27493556.61
17/01/2023;GRAVAMEN LEY 25413 S/CRED;-197.53;;27493359.08
17/01/2023;REG.REC.SIRCREB;-460.90;;27492898.18
17/01/2023;GRAVAMEN LEY 25413 S/CRED;-75.42;;27492822.76
17/01/2023;REG.REC.SIRCREB;-175.98;;27492646.78
17/01/2023;GRAVAMEN LEY 25413 S/CRED;-806.69;;27491840.09
17/01/2023;REG.REC.SIRCREB;-1882.27;;27489957.82
17/01/2023;GRAVAMEN LEY 25413 S/CRED;-86.67;;27489871.15
17/01/2023;REG.REC.SIRCREB;-202.23;;27489668.92
17/01/2023;GRAVAMEN LEY 25413 S/CRED;-265.02;;27489403.90
17/01/2023;REG.REC.SIRCREB;-618.38;;27488785.52
17/01/2023;GRAVAMEN LEY 25413 S/CRED;-605.46;;27488180.06
17/01/2023;REG.REC.SIRCREB;-1412.75;;27486767.31
17/01/2023;GRAVAMEN LEY 25413 S/CRED;-24.00;;27486743.31
17/01/2023;REG.REC.SIRCREB;-56.00;;27486687.31
17/01/2023;GRAVAMEN LEY 25413 S/CRED;-65.72;;27486621.59
17/01/2023;REG.REC.SIRCREB;-153.35;;27486468.24
17/01/2023;GRAVAMEN LEY 25413 S/CRED;-57.60;;27486410.64
17/01/2023;REG.REC.SIRCREB;-134.40;;27486276.24
17/01/2023;GRAVAMEN LEY 25413 S/CRED;-430.54;;27485845.70
17/01/2023;REG.REC.SIRCREB;-1004.60;;27484841.10
17/01/2023;GRAVAMEN LEY 25413 S/CRED;-267.82;;27484573.28
17/01/2023;REG.REC.SIRCREB;-624.92;;27483948.36
17/01/2023;GRAVAMEN LEY 25413 S/CRED;-210.28;;27483738.08
17/01/2023;REG.REC.SIRCREB;-490.66;;27483247.42
17/01/2023;GRAVAMEN LEY 25413 S/CRED;-995.48;;27482251.94
17/01/2023;REG.REC.SIRCREB;-2322.80;;27479929.14
17/01/2023;GRAVAMEN LEY 25413 S/DEB;-11434.75;;27468494.39
17/01/2023;GRAVAMEN LEY 25413 S/CRED;-203.99;;27468290.40
17/01/2023;GRAVAMEN LEY 25413 S/DEB;-1.51;;27447827.93
17/01/2023;GRAVAMEN LEY 25413 S/DEB;-2.24;;27447825.69
17/01/2023;REG.REC.SIRCREB;-475.99;;27467814.41
17/01/2023;GRAVAMEN LEY 25413 S/CRED;-377.55;;27467436.86
17/01/2023;REG.REC.SIRCREB;-880.94;;27466555.92
17/01/2023;GRAVAMEN LEY 25413 S/CRED;-141.98;;27466413.94
17/01/2023;REG.REC.SIRCREB;-331.28;;27466082.66
17/01/2023;GRAVAMEN LEY 25413 S/CRED;-107.57;;27465975.09
17/01/2023;REG.REC.SIRCREB;-250.99;;27465724.10
17/01/2023;GRAVAMEN LEY 25413 S/CRED;-139.17;;27465584.93
17/01/2023;REG.REC.SIRCREB;-324.73;;27465260.20
17/01/2023;GRAVAMEN LEY 25413 S/CRED;-161.82;;27465098.38
17/01/2023;REG.REC.SIRCREB;-377.58;;27464720.80
17/01/2023;GRAVAMEN LEY 25413 S/DEB;-3.56;;27447822.13
17/01/2023;DEP.EFVO.INTERS.         -SUC 3100;1070700.00;;28011917.15
17/01/2023;TRANSF. VAR 20942782846;148000.00;;28159917.15
17/01/2023;TRANSF. VAR 20940343934;24108.00;;28184025.15
17/01/2023;TRANSF. VAR 20356009062 CABEZAS JORGE LUIS;19633.52;;28203658.67
17/01/2023;TRANSF. FAC 20263505140 AIZA OSCAR HUGO;30198.00;;28233856.67
17/01/2023;TRANSF. VAR 20328066913;5270.00;;28239126.67
17/01/2023;TRANSF. VAR 20279147724;27941.00;;28267067.67
16/01/2023;TRANSF. VAR 27242150452;22212.00;;23036074.31
16/01/2023;TRANSF. VAR 23951099619;72624.00;;23108698.31
16/01/2023;TRANSF. FAC 20263539991;10140.00;;23118838.31
16/01/2023;TRANSF. CUO 20369265424 GUTIERREZ, PEDRO JOSE;26329.00;;23145167.31
16/01/2023;TRANSF. VAR 20265791221;30000.00;;23175167.31
16/01/2023;TRANSF. VAR 20174987182;16090.00;;23191257.31
16/01/2023;TRANSF. VAR 27940503154;30000.00;;23221257.31
16/01/2023;TRANSF. VAR 20323853607;5703.00;;23226960.31
16/01/2023;TRANSF. VAR 27254020171 BRUNO ESQUER  MARIA;89136.72;;23316097.03
16/01/2023;TRANSF. VAR 27252249953;47399.26;;23363496.29
16/01/2023;TRANSF. VAR 27943529367;11345.00;;23374841.29
16/01/2023;TRANSF. VAR 27161226950;5236.00;;23380077.29
16/01/2023;TRANSF. VAR 27272554043;38717.00;;23418794.29
16/01/2023;REG.REC.SIRCREB;-552.44;;26586953.25
16/01/2023;REG.REC.SIRCREB;-238.35;;26638239.03
16/01/2023;GRAVAMEN LEY 25413 S/CRED;-55.66;;26638183.37
16/01/2023;REG.REC.SIRCREB;-129.86;;26638053.51
16/01/2023;GRAVAMEN LEY 25413 S/CRED;-12076.20;;26625977.31
16/01/2023;REG.REC.SIRCREB;-28177.80;;26597799.51
16/01/2023;GRAVAMEN LEY 25413 S/CRED;-88.96;;26597710.55
16/01/2023;REG.REC.SIRCREB;-207.58;;26597502.97
16/01/2023;GRAVAMEN LEY 25413 S/CRED;-135.77;;26597367.20
16/01/2023;REG.REC.SIRCREB;-316.79;;26597050.41
16/01/2023;GRAVAMEN LEY 25413 S/CRED;-163.15;;26596887.26
16/01/2023;REG.REC.SIRCREB;-380.67;;26596506.59
16/01/2023;GRAVAMEN LEY 25413 S/CRED;-377.22;;26596129.37
16/01/2023;REG.REC.SIRCREB;-880.18;;26595249.19
16/01/2023;GRAVAMEN LEY 25413 S/CRED;-342.38;;26594906.81
16/01/2023;REG.REC.SIRCREB;-798.89;;26594107.92
16/01/2023;GRAVAMEN LEY 25413 S/CRED;-362.83;;26593745.09
16/01/2023;REG.REC.SIRCREB;-846.61;;26592898.48
16/01/2023;GRAVAMEN LEY 25413 S/CRED;-34.50;;26592863.98
16/01/2023;REG.REC.SIRCREB;-80.50;;26592783.48
16/01/2023;GRAVAMEN LEY 25413 S/CRED;-102.64;;26592680.84
16/01/2023;REG.REC.SIRCREB;-239.50;;26592441.34
16/01/2023;GRAVAMEN LEY 25413 S/CRED;-255.03;;26592186.31
16/01/2023;REG.REC.SIRCREB;-595.06;;26591591.25
16/01/2023;GRAVAMEN LEY 25413 S/CRED;-59.83;;26591531.42
16/01/2023;REG.REC.SIRCREB;-139.60;;26591391.82
16/01/2023;GRAVAMEN LEY 25413 S/CRED;-57.20;;26591334.62
16/01/2023;REG.REC.SIRCREB;-133.47;;26591201.15
16/01/2023;GRAVAMEN LEY 25413 S/CRED;-118.15;;26591083.00
16/01/2023;REG.REC.SIRCREB;-275.67;;26590807.33
16/01/2023;GRAVAMEN LEY 25413 S/CRED;-33.43;;26590773.90
16/01/2023;REG.REC.SIRCREB;-78.01;;26590695.89
16/01/2023;GRAVAMEN LEY 25413 S/CRED;-303.32;;26590392.57
16/01/2023;REG.REC.SIRCREB;-707.74;;26589684.83
16/01/2023;GRAVAMEN LEY 25413 S/CRED;-88.70;;26589596.13
16/01/2023;REG.REC.SIRCREB;-206.98;;26589389.15
16/01/2023;GRAVAMEN LEY 25413 S/CRED;-139.83;;26589249.32
16/01/2023;REG.REC.SIRCREB;-326.27;;26588923.05
16/01/2023;GRAVAMEN LEY 25413 S/CRED;-319.23;;26588603.82
16/01/2023;REG.REC.SIRCREB;-744.87;;26587858.95
16/01/2023;GRAVAMEN LEY 25413 S/CRED;-34.95;;26587824.00
16/01/2023;REG.REC.SIRCREB;-81.55;;26587742.45
16/01/2023;GRAVAMEN LEY 25413 S/CRED;-236.76;;26587505.69
16/01/2023;GRAVAMEN LEY 25413 S/CRED;-278.20;;26586675.05
16/01/2023;REG.REC.SIRCREB;-542.04;;26655912.64
16/01/2023;GRAVAMEN LEY 25413 S/CRED;-130.33;;26655782.31
16/01/2023;REG.REC.SIRCREB;-304.11;;26655478.20
16/01/2023;GRAVAMEN LEY 25413 S/CRED;-58.62;;26655419.58
16/01/2023;REG.REC.SIRCREB;-136.78;;26655282.80
16/01/2023;GRAVAMEN LEY 25413 S/CRED;-295.66;;26654987.14
16/01/2023;REG.REC.SIRCREB;-689.86;;26654297.28
16/01/2023;GRAVAMEN LEY 25413 S/CRED;-285.00;;26654012.28
16/01/2023;REG.REC.SIRCREB;-665.00;;26653347.28
16/01/2023;REG.REC.SIRCREB;-649.12;;26586025.93
16/01/2023;GRAVAMEN LEY 25413 S/CRED;-170.01;;26585855.92
16/01/2023;REG.REC.SIRCREB;-396.69;;26585459.23
16/01/2023;GRAVAMEN LEY 25413 S/CRED;-467.42;;26584991.81
16/01/2023;REG.REC.SIRCREB;-1090.65;;26583901.16
16/01/2023;GRAVAMEN LEY 25413 S/CRED;-35.81;;26583865.35
16/01/2023;REG.REC.SIRCREB;-83.57;;26583781.78
16/01/2023;GRAVAMEN LEY 25413 S/CRED;-354.70;;26583427.08
16/01/2023;REG.REC.SIRCREB;-827.64;;26582599.44
16/01/2023;GRAVAMEN LEY 25413 S/CRED;-183.18;;26653164.10
16/01/2023;REG.REC.SIRCREB;-427.42;;26652736.68
16/01/2023;GRAVAMEN LEY 25413 S/CRED;-987.75;;26651748.93
16/01/2023;GRAVAMEN LEY 25413 S/CRED;-208.15;;26582391.29
16/01/2023;REG.REC.SIRCREB;-485.69;;26581905.60
16/01/2023;REG.REC.SIRCREB;-2304.76;;26649444.17
16/01/2023;GRAVAMEN LEY 25413 S/CRED;-360.79;;26649083.38
16/01/2023;REG.REC.SIRCREB;-841.83;;26648241.55
16/01/2023;GRAVAMEN LEY 25413 S/CRED;-81.26;;26581824.34
16/01/2023;REG.REC.SIRCREB;-189.60;;26581634.74
16/01/2023;GRAVAMEN LEY 25413 S/CRED;-119.39;;26581515.35
16/01/2023;REG.REC.SIRCREB;-278.57;;26581236.78
16/01/2023;GRAVAMEN LEY 25413 S/CRED;-195.25;;26581041.53
16/01/2023;REG.REC.SIRCREB;-455.57;;26580585.96
16/01/2023;GRAVAMEN LEY 25413 S/CRED;-610.39;;26579975.57
16/01/2023;REG.REC.SIRCREB;-1424.25;;26578551.32
16/01/2023;GRAVAMEN LEY 25413 S/CRED;-649.77;;26577901.55
16/01/2023;REG.REC.SIRCREB;-1516.13;;26576385.42
16/01/2023;GRAVAMEN LEY 25413 S/DEB;-4894.94;;26571490.48
16/01/2023;GRAVAMEN LEY 25413 S/DEB;-819.08;;26570671.40
16/01/2023;GRAVAMEN LEY 25413 S/CRED;-823.68;;26569847.72
16/01/2023;REG.REC.SIRCREB;-1921.92;;26567925.80
16/01/2023;GRAVAMEN LEY 25413 S/DEB;-1.87;;26567923.93
16/01/2023;GRAVAMEN LEY 25413 S/DEB;-6.10;;26567917.83
16/01/2023;GRAVAMEN LEY 25413 S/DEB;-0.85;;26567916.98
16/01/2023;GRAVAMEN LEY 25413 S/DEB;-2.21;;26567914.77
16/01/2023;GRAVAMEN LEY 25413 S/DEB;-2.52;;26567912.25
16/01/2023;GRAVAMEN LEY 25413 S/CRED;-209.94;;26648031.61
16/01/2023;REG.REC.SIRCREB;-489.86;;26647541.75
16/01/2023;GRAVAMEN LEY 25413 S/CRED;-47.04;;26647494.71
16/01/2023;REG.REC.SIRCREB;-109.75;;26647384.96
16/01/2023;GRAVAMEN LEY 25413 S/CRED;-113.50;;26647271.46
16/01/2023;REG.REC.SIRCREB;-264.84;;26647006.62
16/01/2023;GRAVAMEN LEY 25413 S/CRED;-982.67;;26646023.95
16/01/2023;REG.REC.SIRCREB;-2292.89;;26643731.06
16/01/2023;GRAVAMEN LEY 25413 S/CRED;-338.66;;26643392.40
16/01/2023;REG.REC.SIRCREB;-790.22;;26642602.18
16/01/2023;GRAVAMEN LEY 25413 S/CRED;-87.29;;26642514.89
16/01/2023;REG.REC.SIRCREB;-203.68;;26642311.21
16/01/2023;GRAVAMEN LEY 25413 S/CRED;-159.53;;26642151.68
16/01/2023;REG.REC.SIRCREB;-372.25;;26641779.43
16/01/2023;GRAVAMEN LEY 25413 S/CRED;-105.89;;26641673.54
16/01/2023;REG.REC.SIRCREB;-247.07;;26641426.47
16/01/2023;GRAVAMEN LEY 25413 S/CRED;-137.04;;26641289.43
16/01/2023;REG.REC.SIRCREB;-319.77;;26640969.66
16/01/2023;GRAVAMEN LEY 25413 S/CRED;-137.74;;26640831.92
16/01/2023;REG.REC.SIRCREB;-321.39;;26640510.53
16/01/2023;GRAVAMEN LEY 25413 S/CRED;-19.41;;26640491.12
16/01/2023;REG.REC.SIRCREB;-45.29;;26640445.83
16/01/2023;GRAVAMEN LEY 25413 S/CRED;-159.70;;26640286.13
16/01/2023;REG.REC.SIRCREB;-372.64;;26639913.49
16/01/2023;GRAVAMEN LEY 25413 S/CRED;-400.19;;26639513.30
16/01/2023;REG.REC.SIRCREB;-933.77;;26638579.53
16/01/2023;GRAVAMEN LEY 25413 S/CRED;-102.15;;26638477.38
16/01/2023;GRAVAMEN LEY 25413 S/DEB;-1.35;;26567910.90
16/01/2023;TRANSF. 30716680769 SG REFRESCOS SRL;39460.00;;26899406.55
16/01/2023;TRANSF. VAR 27949215194 BALDIVIEZO VENTURA DEL;18366.00;;26917772.55
16/01/2023;TRANSF. FAC 20206907097;46366.00;;26964138.55
16/01/2023;TRANSF. FAC 27261439390 OVIEDO, NATALIA DEL VA;28335.35;;26992473.90
16/01/2023;TRANSF. VAR 30588826496;77903.86;;27070377.76
16/01/2023;TRANSF. VAR 27138317825;5969.00;;27076346.76
16/01/2023;TRANSF. VAR 27949215194;59117.00;;27135463.76
16/01/2023;TRANSF. VAR 20408248281;34692.00;;27170155.76
16/01/2023;TRANSF. VAR 27380837973;13543.00;;27183698.76
16/01/2023;TRANSF. FAC 20243257442 VILCA CARRASCO VICTORI;32904.00;;27216602.76
16/01/2023;TRANSF. VAR 27248100678;19897.57;;27236500.33
16/01/2023;TRANSF. VAR 20928443362;32541.00;;27269041.33
16/01/2023;TRANSF. 27930167253 FRANCO DELGADILLO, SONIA;101732.00;;27370773.33
16/01/2023;TRANSF. FAC 20943603538 GARCIA SUAREZ  HUGO;108294.94;;27479068.27
16/01/2023;DEB.TRAN.INTERB          -LINK;-815823.01;;26663245.26
16/01/2023;DEB.TRAN.INTERB          -LINK;-136513.98;;26526731.28
16/01/2023;CR DEBIN SPOT            -LINK;137280.00;;26664011.28
16/01/2023;GRAVAMEN LEY 25413 S/CRED;-133.27;;26663878.01
16/01/2023;REG.REC.SIRCREB;-310.97;;26663567.04
16/01/2023;GRAVAMEN LEY 25413 S/CRED;-435.74;;26663131.30
16/01/2023;REG.REC.SIRCREB;-1016.74;;26662114.56
16/01/2023;GRAVAMEN LEY 25413 S/CRED;-60.84;;26662053.72
16/01/2023;REG.REC.SIRCREB;-141.96;;26661911.76
16/01/2023;GRAVAMEN LEY 25413 S/CRED;-157.97;;26661753.79
16/01/2023;REG.REC.SIRCREB;-368.61;;26661385.18
16/01/2023;GRAVAMEN LEY 25413 S/CRED;-180.00;;26661205.18
16/01/2023;REG.REC.SIRCREB;-420.00;;26660785.18
16/01/2023;GRAVAMEN LEY 25413 S/CRED;-96.54;;26660688.64
16/01/2023;REG.REC.SIRCREB;-225.26;;26660463.38
16/01/2023;GRAVAMEN LEY 25413 S/CRED;-180.00;;26660283.38
16/01/2023;REG.REC.SIRCREB;-420.00;;26659863.38
16/01/2023;GRAVAMEN LEY 25413 S/CRED;-34.22;;26659829.16
16/01/2023;REG.REC.SIRCREB;-79.84;;26659749.32
16/01/2023;GRAVAMEN LEY 25413 S/CRED;-534.82;;26659214.50
16/01/2023;REG.REC.SIRCREB;-1247.91;;26657966.59
16/01/2023;GRAVAMEN LEY 25413 S/CRED;-284.40;;26657682.19
16/01/2023;REG.REC.SIRCREB;-663.59;;26657018.60
16/01/2023;GRAVAMEN LEY 25413 S/CRED;-68.07;;26656950.53
16/01/2023;REG.REC.SIRCREB;-158.83;;26656791.70
16/01/2023;GRAVAMEN LEY 25413 S/CRED;-31.42;;26656760.28
16/01/2023;REG.REC.SIRCREB;-73.30;;26656686.98
16/01/2023;GRAVAMEN LEY 25413 S/CRED;-232.30;;26656454.68
16/01/2023;GRAVAMEN LEY 25413 S/DEB;-2.52;;26567908.38
16/01/2023;GRAVAMEN LEY 25413 S/DEB;-4.14;;26567885.01
16/01/2023;GRAVAMEN LEY 25413 S/DEB;-0.48;;26567907.90
16/01/2023;GRAVAMEN LEY 25413 S/DEB;-3.99;;26567881.02
16/01/2023;GRAVAMEN LEY 25413 S/DEB;-2.56;;26567878.46
16/01/2023;GRAVAMEN LEY 25413 S/DEB;-13.83;;26567864.63
16/01/2023;GRAVAMEN LEY 25413 S/DEB;-5.05;;26567859.58
16/01/2023;GRAVAMEN LEY 25413 S/DEB;-2.94;;26567856.64
16/01/2023;GRAVAMEN LEY 25413 S/DEB;-0.66;;26567855.98
16/01/2023;GRAVAMEN LEY 25413 S/DEB;-1.59;;26567854.39
16/01/2023;GRAVAMEN LEY 25413 S/DEB;-13.76;;26567840.63
16/01/2023;GRAVAMEN LEY 25413 S/DEB;-7.49;;26567900.41
16/01/2023;GRAVAMEN LEY 25413 S/DEB;-3.98;;26567896.43
16/01/2023;GRAVAMEN LEY 25413 S/DEB;-0.95;;26567895.48
16/01/2023;GRAVAMEN LEY 25413 S/DEB;-0.44;;26567895.04
16/01/2023;GRAVAMEN LEY 25413 S/DEB;-3.25;;26567891.79
16/01/2023;GRAVAMEN LEY 25413 S/DEB;-1.82;;26567889.97
16/01/2023;GRAVAMEN LEY 25413 S/DEB;-0.82;;26567889.15
16/01/2023;GRAVAMEN LEY 25413 S/DEB;-4.74;;26567835.89
16/01/2023;GRAVAMEN LEY 25413 S/DEB;-1.22;;26567834.67
16/01/2023;TRANSF. VAR 20927774195;21722.00;;23440516.29
16/01/2023;TRANSF. VAR 27299200073;9770.00;;23450286.29
16/01/2023;TRANSF. VAR 20380928788;49276.00;;23499562.29
16/01/2023;TRANSF. VAR 20180845977;47500.00;;23547062.29
16/01/2023;TRANSF. VAR 20243926905;30530.00;;23577592.29
16/01/2023;TRANSF. FAC 27335374849 WALTER MARIA KAREN;164625.63;;23742217.92
16/01/2023;TRANSF. VAR 30717885224;60131.00;;23802348.92
16/01/2023;TRANSF. VAR 30715403524;34989.66;;23837338.58
16/01/2023;TRANSF. FAC 27326947240 FARIAS  CRISTINA S;7839.53;;23845178.11
16/01/2023;TRANSF. VAR 27228661827;18917.00;;23864095.11
16/01/2023;TRANSF. VAR 27281195722;163778.19;;24027873.30
16/01/2023;TRANSF. VAR 23169263639;56444.00;;24084317.30
16/01/2023;TRANSF. VAR 23169263639;14548.90;;24098866.20
16/01/2023;TRANSF. VAR 20410513960;26589.00;;24125455.20
16/01/2023;TRANSF. VAR 27237891800;17648.00;;24143103.20
16/01/2023;TRANSF. VAR 27928875909;22840.53;;24165943.73
16/01/2023;TRANSF. VAR 27284146269 CHOROLQUE  ANDREA C;22956.20;;24188899.93
16/01/2023;TRANSF. VAR 20055166324;3235.25;;24192135.18
16/01/2023;TRANSF. VAR 20945858533;26617.45;;24218752.63
16/01/2023;TRANSF. FAC 27335783595 HUARACHI JUANA GRACIEL;66697.65;;24285450.28
16/01/2023;TRANSF. VAR 23940898749;17025.00;;24302475.28
16/01/2023;TRANSF. VAR 27261218742;9276.00;;24311751.28
16/01/2023;DEP.EFVO.INTERS.         -SUC 3100;2012700.00;;26324451.28
16/01/2023;TRANSF. VAR 27411785543;14827.21;;26339278.49
16/01/2023;TRANSF. VAR 20954552064 ARANDO MAMANI, MARCO A;22628.00;;26361906.49
16/01/2023;TRANSF. VAR 23315441269;27191.00;;26389097.49
16/01/2023;TRANSF. VAR 30714752223;62870.00;;26451967.49
16/01/2023;TRANSF. FAC 27940846566;57063.33;;26509030.82
16/01/2023;TRANSF. VAR 27228661169 VAZQUEZ, ROSSANA CARIN;60471.89;;26569502.71
16/01/2023;TRANSF. VAR 27243706306;5750.00;;26575252.71
16/01/2023;TRANSF. VAR 20941488553;17107.00;;26592359.71
16/01/2023;TRANSF. VAR 20263505140 AIZA OSCAR HUGO;32642.00;;26625001.71
16/01/2023;TRANSF. VAR 27343550842;42504.36;;26667506.07
16/01/2023;TRANSF. FAC 27136608814 SEQUEIRA  NELBA G;9971.69;;26677477.76
16/01/2023;TRANSF. VAR 20313927963;9533.86;;26687011.62
16/01/2023;TRANSF. VAR 27958130770 LUSINDA APARICIO HUANC;19691.00;;26706702.62
16/01/2023;TRANSF. VAR 27240713840;5572.00;;26712274.62
16/01/2023;TRANSF. FAC 20940661499 MARQUEZ CARDOZO ALDO S;50553.00;;26762827.62
16/01/2023;TRANSF. VAR 20221218109 MARTINEZ, HUGO MARCELO;14784.00;;26777611.62
16/01/2023;TRANSF. VAR 20230397962 COLQUE, LUIS ALBERTO;23304.93;;26800916.55
16/01/2023;TRANSF. VAR 20317960477;53205.00;;26854121.55
16/01/2023;TRANSF. VAR 20228351424;5825.00;;26859946.55
16/01/2023;GRAVAMEN LEY 25413 S/DEB;-2.23;;26567832.44
16/01/2023;GRAVAMEN LEY 25413 S/DEB;-1.48;;26567830.96
16/01/2023;GRAVAMEN LEY 25413 S/DEB;-1.92;;26567829.04
16/01/2023;GRAVAMEN LEY 25413 S/DEB;-1.93;;26567827.11
16/01/2023;GRAVAMEN LEY 25413 S/DEB;-0.27;;26567826.84
16/01/2023;GRAVAMEN LEY 25413 S/DEB;-2.24;;26567824.60
16/01/2023;GRAVAMEN LEY 25413 S/DEB;-5.60;;26567819.00
16/01/2023;GRAVAMEN LEY 25413 S/DEB;-1.43;;26567817.57
16/01/2023;GRAVAMEN LEY 25413 S/DEB;-0.78;;26567816.79
16/01/2023;GRAVAMEN LEY 25413 S/DEB;-169.07;;26567647.72
16/01/2023;GRAVAMEN LEY 25413 S/DEB;-1.25;;26567646.47
16/01/2023;GRAVAMEN LEY 25413 S/DEB;-1.90;;26567644.57
16/01/2023;GRAVAMEN LEY 25413 S/DEB;-2.28;;26567642.29
16/01/2023;GRAVAMEN LEY 25413 S/DEB;-5.28;;26567637.01
16/01/2023;GRAVAMEN LEY 25413 S/DEB;-4.79;;26567632.22
16/01/2023;GRAVAMEN LEY 25413 S/DEB;-5.08;;26567627.14
16/01/2023;GRAVAMEN LEY 25413 S/DEB;-0.48;;26567626.66
16/01/2023;GRAVAMEN LEY 25413 S/DEB;-1.44;;26567625.22
16/01/2023;GRAVAMEN LEY 25413 S/DEB;-6.54;;26567589.36
16/01/2023;GRAVAMEN LEY 25413 S/DEB;-0.50;;26567588.86
16/01/2023;GRAVAMEN LEY 25413 S/DEB;-3.57;;26567621.65
16/01/2023;GRAVAMEN LEY 25413 S/DEB;-0.84;;26567620.81
16/01/2023;GRAVAMEN LEY 25413 S/DEB;-0.80;;26567620.01
16/01/2023;GRAVAMEN LEY 25413 S/DEB;-1.65;;26567618.36
16/01/2023;GRAVAMEN LEY 25413 S/DEB;-0.47;;26567617.89
16/01/2023;GRAVAMEN LEY 25413 S/DEB;-4.25;;26567613.64
16/01/2023;GRAVAMEN LEY 25413 S/DEB;-1.24;;26567612.40
16/01/2023;GRAVAMEN LEY 25413 S/DEB;-1.96;;26567610.44
16/01/2023;GRAVAMEN LEY 25413 S/DEB;-4.47;;26567605.97
16/01/2023;GRAVAMEN LEY 25413 S/DEB;-0.49;;26567605.48
16/01/2023;GRAVAMEN LEY 25413 S/DEB;-3.31;;26567602.17
16/01/2023;GRAVAMEN LEY 25413 S/DEB;-3.89;;26567598.28
16/01/2023;GRAVAMEN LEY 25413 S/DEB;-2.38;;26567595.90
16/01/2023;GRAVAMEN LEY 25413 S/DEB;-4.97;;26567583.89
16/01/2023;GRAVAMEN LEY 25413 S/DEB;-2.91;;26567580.98
16/01/2023;GRAVAMEN LEY 25413 S/DEB;-1.14;;26567579.84
16/01/2023;GRAVAMEN LEY 25413 S/DEB;-1.67;;26567578.17
16/01/2023;GRAVAMEN LEY 25413 S/DEB;-2.73;;26567575.44
16/01/2023;GRAVAMEN LEY 25413 S/DEB;-8.55;;26567566.89
16/01/2023;GRAVAMEN LEY 25413 S/DEB;-9.10;;26567557.79
16/01/2023;GRAVAMEN LEY 25413 S/DEB;-11.53;;26567546.26
13/01/2023;GRAVAMEN LEY 25413 S/CRED;-251.84;;23094728.73
13/01/2023;REG.REC.SIRCREB;-587.64;;23094141.09
13/01/2023;GRAVAMEN LEY 25413 S/CRED;-85.61;;23094055.48
13/01/2023;REG.REC.SIRCREB;-199.75;;23093855.73
13/01/2023;GRAVAMEN LEY 25413 S/CRED;-52.04;;23093803.69
13/01/2023;REG.REC.SIRCREB;-121.44;;23093682.25
13/01/2023;GRAVAMEN LEY 25413 S/CRED;-55.53;;23093626.72
13/01/2023;REG.REC.SIRCREB;-129.57;;23093497.15
13/01/2023;GRAVAMEN LEY 25413 S/CRED;-114.39;;23093382.76
13/01/2023;REG.REC.SIRCREB;-266.91;;23093115.85
13/01/2023;GRAVAMEN LEY 25413 S/CRED;-159.03;;23092956.82
13/01/2023;REG.REC.SIRCREB;-371.06;;23092585.76
13/01/2023;GRAVAMEN LEY 25413 S/CRED;-144.15;;23092441.61
13/01/2023;REG.REC.SIRCREB;-336.35;;23092105.26
13/01/2023;GRAVAMEN LEY 25413 S/CRED;-158.66;;23091946.60
13/01/2023;REG.REC.SIRCREB;-370.20;;23091576.40
13/01/2023;GRAVAMEN LEY 25413 S/CRED;-67.58;;23091508.82
13/01/2023;REG.REC.SIRCREB;-157.68;;23091351.14
13/01/2023;GRAVAMEN LEY 25413 S/CRED;-297.37;;23091053.77
13/01/2023;REG.REC.SIRCREB;-693.87;;23090359.90
13/01/2023;GRAVAMEN LEY 25413 S/CRED;-83.20;;23090276.70
13/01/2023;REG.REC.SIRCREB;-194.14;;23090082.56
13/01/2023;GRAVAMEN LEY 25413 S/CRED;-91.42;;23089991.14
13/01/2023;REG.REC.SIRCREB;-213.30;;23089777.84
13/01/2023;GRAVAMEN LEY 25413 S/CRED;-109.49;;23089668.35
13/01/2023;REG.REC.SIRCREB;-255.47;;23089412.88
13/01/2023;GRAVAMEN LEY 25413 S/CRED;-125.87;;23089287.01
13/01/2023;REG.REC.SIRCREB;-293.69;;23088993.32
13/01/2023;TRANSF. VAR 20130032053;240029.60;;20009810.26
13/01/2023;48HS. BANCOS    000238601;-5956264.95;;19658145.85
13/01/2023;TRANSF. FAC 20187727430 PETROLANDA  GONZALO;41974.00;;22538736.14
13/01/2023;TRANSF. VAR 27237891800;14268.00;;22553004.14
13/01/2023;TRANSF. VAR 27432612533;8674.00;;22561678.14
13/01/2023;TRANSF. VAR 23363433189;9255.00;;22570933.14
13/01/2023;TRANSF. VAR 20209857074;28568.47;;19686714.32
13/01/2023;TRANSF. VAR 27240852166;28441.00;;19715155.32
13/01/2023;TRANSF. VAR 20356009062 CABEZAS JORGE LUIS;33203.34;;19748358.66
13/01/2023;GRAVAMEN LEY 25413 S/CRED;-77.29;;23088916.03
13/01/2023;REG.REC.SIRCREB;-180.35;;23088735.68
13/01/2023;GRAVAMEN LEY 25413 S/CRED;-201.33;;23088534.35
13/01/2023;REG.REC.SIRCREB;-469.76;;23088064.59
13/01/2023;GRAVAMEN LEY 25413 S/CRED;-16.89;;23088047.70
13/01/2023;REG.REC.SIRCREB;-39.41;;23088008.29
13/01/2023;GRAVAMEN LEY 25413 S/CRED;-81.18;;23087927.11
13/01/2023;REG.REC.SIRCREB;-189.42;;23087737.69
13/01/2023;GRAVAMEN LEY 25413 S/CRED;-1362.86;;23086374.83
13/01/2023;REG.REC.SIRCREB;-3180.00;;23083194.83
13/01/2023;GRAVAMEN LEY 25413 S/CRED;-346.17;;23082848.66
13/01/2023;REG.REC.SIRCREB;-807.74;;23082040.92
13/01/2023;GRAVAMEN LEY 25413 S/CRED;-166.89;;23081874.03
13/01/2023;REG.REC.SIRCREB;-389.40;;23081484.63
13/01/2023;GRAVAMEN LEY 25413 S/CRED;-125.70;;23081358.93
13/01/2023;REG.REC.SIRCREB;-293.30;;23081065.63
13/01/2023;GRAVAMEN LEY 25413 S/CRED;-50.07;;23081015.56
13/01/2023;REG.REC.SIRCREB;-116.83;;23080898.73
13/01/2023;GRAVAMEN LEY 25413 S/CRED;-107.96;;23080790.77
13/01/2023;REG.REC.SIRCREB;-251.90;;23080538.87
13/01/2023;GRAVAMEN LEY 25413 S/CRED;-270.20;;23080268.67
13/01/2023;REG.REC.SIRCREB;-630.46;;23079638.21
13/01/2023;GRAVAMEN LEY 25413 S/CRED;-6428.97;;23073209.24
13/01/2023;REG.REC.SIRCREB;-15000.93;;23058208.31
13/01/2023;GRAVAMEN LEY 25413 S/CRED;-101.90;;23058106.41
13/01/2023;REG.REC.SIRCREB;-237.76;;23057868.65
13/01/2023;GRAVAMEN LEY 25413 S/CRED;-71.24;;23057797.41
13/01/2023;REG.REC.SIRCREB;-166.22;;23057631.19
13/01/2023;GRAVAMEN LEY 25413 S/CRED;-86.16;;23057545.03
13/01/2023;REG.REC.SIRCREB;-201.04;;23057343.99
13/01/2023;GRAVAMEN LEY 25413 S/CRED;-74.37;;23057269.62
13/01/2023;REG.REC.SIRCREB;-173.53;;23057096.09
13/01/2023;GRAVAMEN LEY 25413 S/DEB;-1050.06;;23056046.03
13/01/2023;GRAVAMEN LEY 25413 S/CRED;-135.65;;23055910.38
13/01/2023;REG.REC.SIRCREB;-316.51;;23055593.87
13/01/2023;GRAVAMEN LEY 25413 S/DEB;-11767.50;;23043826.37
13/01/2023;GRAVAMEN LEY 25413 S/CRED;-115.69;;23043710.68
13/01/2023;REG.REC.SIRCREB;-269.95;;23043440.73
13/01/2023;GRAVAMEN LEY 25413 S/CRED;-92.22;;23043348.51
13/01/2023;REG.REC.SIRCREB;-215.19;;23043133.32
13/01/2023;GRAVAMEN LEY 25413 S/DEB;-1372.63;;23041760.69
13/01/2023;GRAVAMEN LEY 25413 S/CRED;-234.34;;23041526.35
13/01/2023;TRANSF. VAR 20317960477;21422.00;;19769780.66
13/01/2023;GRAVAMEN LEY 25413 S/CRED;-3600.00;;23136096.09
13/01/2023;REG.REC.SIRCREB;-8400.00;;23127696.09
13/01/2023;GRAVAMEN LEY 25413 S/CRED;-63.94;;23127632.15
13/01/2023;REG.REC.SIRCREB;-149.20;;23127482.95
13/01/2023;GRAVAMEN LEY 25413 S/CRED;-7942.80;;23119540.15
13/01/2023;REG.REC.SIRCREB;-18533.20;;23101006.95
13/01/2023;GRAVAMEN LEY 25413 S/CRED;-112.06;;23100894.89
13/01/2023;REG.REC.SIRCREB;-261.48;;23100633.41
13/01/2023;GRAVAMEN LEY 25413 S/CRED;-832.99;;23099800.42
13/01/2023;REG.REC.SIRCREB;-1943.65;;23097856.77
13/01/2023;GRAVAMEN LEY 25413 S/CRED;-834.40;;23097022.37
13/01/2023;REG.REC.SIRCREB;-1946.92;;23095075.45
13/01/2023;GRAVAMEN LEY 25413 S/CRED;-28.46;;23095046.99
13/01/2023;REG.REC.SIRCREB;-66.42;;23094980.57
13/01/2023;GRAVAMEN LEY 25413 S/CRED;-270.15;;23142290.10
13/01/2023;REG.REC.SIRCREB;-630.35;;23141659.75
13/01/2023;GRAVAMEN LEY 25413 S/CRED;-107.59;;23141552.16
13/01/2023;REG.REC.SIRCREB;-251.03;;23141301.13
13/01/2023;GRAVAMEN LEY 25413 S/CRED;-102.08;;23141199.05
13/01/2023;REG.REC.SIRCREB;-238.18;;23140960.87
13/01/2023;GRAVAMEN LEY 25413 S/CRED;-49.39;;23140911.48
13/01/2023;REG.REC.SIRCREB;-115.23;;23140796.25
13/01/2023;GRAVAMEN LEY 25413 S/CRED;-330.05;;23140466.20
13/01/2023;REG.REC.SIRCREB;-770.11;;23139696.09
13/01/2023;TRANSF. 30715403524 MERCADOS PATAGONICOS S.R.L;45024.82;;20162803.63
13/01/2023;GRAVAMEN LEY 25413 S/DEB;-4.62;;23014325.95
13/01/2023;GRAVAMEN LEY 25413 S/DEB;-50.40;;23014275.55
13/01/2023;GRAVAMEN LEY 25413 S/DEB;-0.90;;23014274.65
13/01/2023;GRAVAMEN LEY 25413 S/DEB;-111.20;;23014163.45
13/01/2023;GRAVAMEN LEY 25413 S/DEB;-1.57;;23014161.88
13/01/2023;GRAVAMEN LEY 25413 S/DEB;-11.66;;23014150.22
13/01/2023;GRAVAMEN LEY 25413 S/DEB;-11.68;;23014138.54
13/01/2023;GRAVAMEN LEY 25413 S/DEB;-0.40;;23014138.14
13/01/2023;GRAVAMEN LEY 25413 S/DEB;-3.53;;23014134.61
13/01/2023;GRAVAMEN LEY 25413 S/DEB;-1.20;;23014133.41
13/01/2023;GRAVAMEN LEY 25413 S/DEB;-0.73;;23014132.68
13/01/2023;GRAVAMEN LEY 25413 S/DEB;-0.78;;23014131.90
13/01/2023;GRAVAMEN LEY 25413 S/DEB;-1.60;;23014130.30
13/01/2023;GRAVAMEN LEY 25413 S/DEB;-2.23;;23014128.07
13/01/2023;GRAVAMEN LEY 25413 S/DEB;-2.02;;23014126.05
13/01/2023;GRAVAMEN LEY 25413 S/DEB;-2.22;;23014123.83
13/01/2023;GRAVAMEN LEY 25413 S/DEB;-0.95;;23014122.88
13/01/2023;GRAVAMEN LEY 25413 S/DEB;-4.16;;23014118.72
13/01/2023;GRAVAMEN LEY 25413 S/DEB;-1.16;;23014117.56
13/01/2023;GRAVAMEN LEY 25413 S/DEB;-1.28;;23014116.28
13/01/2023;GRAVAMEN LEY 25413 S/DEB;-1.53;;23014114.75
13/01/2023;GRAVAMEN LEY 25413 S/DEB;-1.76;;23014112.99
13/01/2023;GRAVAMEN LEY 25413 S/DEB;-1.08;;23014111.91
13/01/2023;GRAVAMEN LEY 25413 S/DEB;-2.82;;23014109.09
13/01/2023;GRAVAMEN LEY 25413 S/DEB;-0.24;;23014108.85
13/01/2023;GRAVAMEN LEY 25413 S/DEB;-1.14;;23014107.71
13/01/2023;GRAVAMEN LEY 25413 S/DEB;-19.08;;23014088.63
13/01/2023;GRAVAMEN LEY 25413 S/DEB;-4.85;;23014083.78
13/01/2023;GRAVAMEN LEY 25413 S/DEB;-2.34;;23014081.44
13/01/2023;GRAVAMEN LEY 25413 S/DEB;-1.76;;23014079.68
13/01/2023;GRAVAMEN LEY 25413 S/DEB;-0.70;;23014078.98
13/01/2023;GRAVAMEN LEY 25413 S/DEB;-1.51;;23014077.47
13/01/2023;GRAVAMEN LEY 25413 S/DEB;-3.78;;23014073.69
13/01/2023;GRAVAMEN LEY 25413 S/DEB;-90.01;;23013983.68
13/01/2023;GRAVAMEN LEY 25413 S/DEB;-1.43;;23013982.25
13/01/2023;GRAVAMEN LEY 25413 S/DEB;-1.00;;23013981.25
13/01/2023;GRAVAMEN LEY 25413 S/DEB;-1.21;;23013980.04
13/01/2023;GRAVAMEN LEY 25413 S/DEB;-1.04;;23013979.00
13/01/2023;GRAVAMEN LEY 25413 S/DEB;-1.90;;23013977.10
13/01/2023;GRAVAMEN LEY 25413 S/DEB;-1.62;;23013975.48
13/01/2023;GRAVAMEN LEY 25413 S/DEB;-1.29;;23013974.19
13/01/2023;GRAVAMEN LEY 25413 S/DEB;-3.28;;23013970.91
13/01/2023;TRANSF. VAR 20265791221;17931.00;;20180734.63
13/01/2023;TRANSF. VAR 27250067602 ELSA BEATRIZ AIZA;17012.61;;20197747.24
13/01/2023;TRANSF. VAR 27161226950;8231.00;;20205978.24
13/01/2023;TRANSF. VAR 20190786499;55007.94;;20260986.18
13/01/2023;TRANSF. FAC 23180845879 AUGUSTO  DANIEL H;600000.00;;20860986.18
13/01/2023;TRANSF. VAR 20261821703;10657.00;;20871643.18
13/01/2023;DEP.EFVO.INTERS.         -SUC 3100;1323800.00;;22195443.18
13/01/2023;TRANSF. VAR 20261218128;18677.16;;22214120.34
13/01/2023;TRANSF. VAR 27254020171 BRUNO ESQUER  MARIA;138831.80;;22352952.14
13/01/2023;TRANSF. 30717832325 BARRANQUERO SAS;139066.00;;22492018.14
13/01/2023;TRANSF. FAC 20274321912;4744.00;;22496762.14
13/01/2023;TRANSF. VAR 27261218742;12882.00;;22874497.76
13/01/2023;TRANSF. VAR 20263505140 AIZA OSCAR HUGO;31038.00;;22905535.76
13/01/2023;TRANSF. FAC 27326947240 FARIAS  CRISTINA S;33554.23;;22939089.99
13/01/2023;TRANSF. VAR 27322848493;2815.00;;22941904.99
13/01/2023;TRANSF. VAR 20313927963;13530.14;;22955435.13
13/01/2023;TRANSF. VAR 27427094389;227142.72;;23182577.85
13/01/2023;TRANSF. VAR 27228661169 VAZQUEZ, ROSSANA CARIN;57695.62;;23240273.47
13/01/2023;TRANSF. VAR 27936885026 VELARDE LARA, EDELFRID;27814.44;;23268087.91
13/01/2023;TRANSF. VAR 23951443069 GUEVARA T  FANOR;20950.00;;23289037.91
13/01/2023;TRANSF. VAR 20415276924;8344.98;;23297382.89
13/01/2023;TRANSF. FAC 27242368296 KNASS MARIANA GRISELDA;17992.76;;23315375.65
13/01/2023;TRANSF. VAR 20259482713;45032.78;;23360408.43
13/01/2023;TRANSF. VAR 23176950579 LINARES EDGARDO DANIEL;1071495.30;;24431903.73
13/01/2023;TRANSF. VAR 27950168167;16983.00;;24448886.73
13/01/2023;TRANSF. VAR 27234345368 GLORIA/MABEL PERALTA;11873.00;;24460759.73
13/01/2023;TRANSF. VAR 20947503848;14360.00;;24475119.73
13/01/2023;TRANSF. VAR 27943435559;12395.00;;24487514.73
13/01/2023;TRANSF. FAC 30700238357;-175010.47;;24312504.26
13/01/2023;TRANSF. VAR 23225764689 PETROLANDA, RAMIRO AND;22608.00;;24335112.26
13/01/2023;TRANSF. FAC 30648060846;-1961250.20;;22373862.06
13/01/2023;TRANSF. VAR 20936467769;19282.00;;22393144.06
13/01/2023;TRANSF. VAR 27346351441 DELGADO, GABRIELA ELIZ;15370.40;;22408514.46
13/01/2023;TRANSF. 20073984360 SERRA OSCAR ADOLFO;-228771.17;;22179743.29
13/01/2023;TRANSF. VAR 20230397962 COLQUE, LUIS ALBERTO;39057.19;;22218800.48
13/01/2023;TRANSF. VAR 20954560245 MARTINEZ B  DAVID;8574.91;;22227375.39
13/01/2023;TRANSF. VAR 20266456175;17708.00;;22245083.39
13/01/2023;TRANSF. VAR 20315601054;13970.00;;22259053.39
13/01/2023;TRANSF. FAC 20281196341 LAMAS FRANCO RENEE;57718.75;;22316772.14
13/01/2023;TRANSF. FAC 20308236022;-1388.41;;22315383.73
13/01/2023;TRANSF. VAR 23335305159;2334.00;;22317717.73
13/01/2023;DEP.EFECTIVO;966340.00;;23284057.73
13/01/2023;TRANSF. VAR 27335321532 GARIGLIO/MAYRA X;16386.55;;20117778.81
13/01/2023;PAGO LINK-MUNICIPALIDAD DE VIEDMA;-29125.66;;23254932.07
13/01/2023;PAGO LINK-MUNICIPALIDAD DE VIEDMA;-18772.99;;23236159.08
13/01/2023;PAGO LINK-AGUAS BONAERENSES;-343.70;;23235815.38
13/01/2023;PAGO LINK-AGUAS BONAERENSES;-1564.66;;23234250.72
13/01/2023;PAGO LINK-AGUAS BONAERENSES;-1564.66;;23232686.06
13/01/2023;PAGO LINK-EDES;-1999.36;;23230686.70
13/01/2023;PAGO LINK-EDES;-63789.09;;23166897.61
13/01/2023;PAGO LINK-EDES;-5190.25;;23161707.36
13/01/2023;TRANSF. 00000000000;-200000.00;;22961707.36
13/01/2023;PAGO LINK-AGUAS BONAERENSES;-811.17;;22960896.19
13/01/2023;PAGO LINK-AGUAS BONAERENSES;-690.92;;22960205.27
13/01/2023;TRANSF. FAC 20147967749 LAMAS BENICIO HUMBERTO;214123.57;;23174328.84
13/01/2023;TRANSF. VAR 27952072671;12037.24;;23186366.08
13/01/2023;COMIS.DEB.TRANSF.INTERPYM;-48.00;;23186318.08
13/01/2023;I.V.A. BASE;-10.08;;23186308.00
13/01/2023;GRAVAMEN LEY 25413 S/DEB;-35737.59;;23150570.41
13/01/2023;GRAVAMEN LEY 25413 S/CRED;-171.41;;23150399.00
13/01/2023;REG.REC.SIRCREB;-399.96;;23149999.04
13/01/2023;GRAVAMEN LEY 25413 S/CRED;-170.65;;23149828.39
13/01/2023;REG.REC.SIRCREB;-398.17;;23149430.22
13/01/2023;GRAVAMEN LEY 25413 S/CRED;-199.22;;23149231.00
13/01/2023;REG.REC.SIRCREB;-464.85;;23148766.15
13/01/2023;GRAVAMEN LEY 25413 S/CRED;-128.53;;23148637.62
13/01/2023;REG.REC.SIRCREB;-299.91;;23148337.71
13/01/2023;GRAVAMEN LEY 25413 S/CRED;-1440.18;;23146897.53
13/01/2023;REG.REC.SIRCREB;-3360.41;;23143537.12
13/01/2023;GRAVAMEN LEY 25413 S/CRED;-56.44;;23143480.68
13/01/2023;REG.REC.SIRCREB;-131.70;;23143348.98
13/01/2023;GRAVAMEN LEY 25413 S/CRED;-138.30;;23143210.68
13/01/2023;REG.REC.SIRCREB;-322.70;;23142887.98
13/01/2023;GRAVAMEN LEY 25413 S/CRED;-98.32;;23142789.66
13/01/2023;REG.REC.SIRCREB;-229.41;;23142560.25
13/01/2023;GRAVAMEN LEY 25413 S/DEB;-0.72;;23013970.19
13/01/2023;GRAVAMEN LEY 25413 S/DEB;-1.49;;23013968.70
13/01/2023;GRAVAMEN LEY 25413 S/DEB;-1.17;;23013967.53
13/01/2023;GRAVAMEN LEY 25413 S/DEB;-4.85;;23013962.68
13/01/2023;GRAVAMEN LEY 25413 S/DEB;-0.20;;23013962.48
13/01/2023;GRAVAMEN LEY 25413 S/DEB;-81.17;;23013881.31
13/01/2023;GRAVAMEN LEY 25413 S/DEB;-17.99;;23013863.32
13/01/2023;GRAVAMEN LEY 25413 S/DEB;-1.01;;23013862.31
13/01/2023;TRANSF. CUO 20370556513 MICAEL PALOMEQUE;9407.00;;20019217.26
13/01/2023;REG.REC.SIRCREB;-546.80;;23040979.55
13/01/2023;GRAVAMEN LEY 25413 S/CRED;-51.45;;23040928.10
13/01/2023;REG.REC.SIRCREB;-120.05;;23040808.05
13/01/2023;GRAVAMEN LEY 25413 S/CRED;-106.25;;23040701.80
13/01/2023;REG.REC.SIRCREB;-247.91;;23040453.89
13/01/2023;GRAVAMEN LEY 25413 S/CRED;-83.82;;23040370.07
13/01/2023;REG.REC.SIRCREB;-195.58;;23040174.49
13/01/2023;GRAVAMEN LEY 25413 S/CRED;-346.31;;23039828.18
13/01/2023;REG.REC.SIRCREB;-808.06;;23039020.12
13/01/2023;GRAVAMEN LEY 25413 S/DEB;-8.33;;23039011.79
13/01/2023;GRAVAMEN LEY 25413 S/CRED;-14.00;;23038997.79
13/01/2023;REG.REC.SIRCREB;-32.68;;23038965.11
13/01/2023;GRAVAMEN LEY 25413 S/CRED;-5798.04;;23033167.07
13/01/2023;REG.REC.SIRCREB;-13528.76;;23019638.31
13/01/2023;GRAVAMEN LEY 25413 S/DEB;-174.75;;23019463.56
13/01/2023;GRAVAMEN LEY 25413 S/DEB;-112.64;;23019350.92
13/01/2023;GRAVAMEN LEY 25413 S/DEB;-2.06;;23019348.86
13/01/2023;GRAVAMEN LEY 25413 S/DEB;-9.39;;23019339.47
13/01/2023;GRAVAMEN LEY 25413 S/DEB;-9.39;;23019330.08
13/01/2023;GRAVAMEN LEY 25413 S/DEB;-12.00;;23019318.08
13/01/2023;GRAVAMEN LEY 25413 S/DEB;-382.73;;23018935.35
13/01/2023;GRAVAMEN LEY 25413 S/DEB;-31.14;;23018904.21
13/01/2023;GRAVAMEN LEY 25413 S/DEB;-4.87;;23018899.34
13/01/2023;GRAVAMEN LEY 25413 S/DEB;-4.15;;23018895.19
13/01/2023;GRAVAMEN LEY 25413 S/CRED;-1284.74;;23017610.45
13/01/2023;REG.REC.SIRCREB;-2997.73;;23014612.72
13/01/2023;GRAVAMEN LEY 25413 S/CRED;-72.22;;23014540.50
13/01/2023;REG.REC.SIRCREB;-168.52;;23014371.98
13/01/2023;GRAVAMEN LEY 25413 S/DEB;-0.29;;23014371.69
13/01/2023;GRAVAMEN LEY 25413 S/DEB;-0.06;;23014371.63
13/01/2023;GRAVAMEN LEY 25413 S/DEB;-2.40;;23014369.23
13/01/2023;GRAVAMEN LEY 25413 S/DEB;-2.39;;23014366.84
13/01/2023;GRAVAMEN LEY 25413 S/DEB;-2.79;;23014364.05
13/01/2023;GRAVAMEN LEY 25413 S/DEB;-1.80;;23014362.25
13/01/2023;GRAVAMEN LEY 25413 S/DEB;-20.16;;23014342.09
13/01/2023;GRAVAMEN LEY 25413 S/DEB;-0.79;;23014341.30
13/01/2023;GRAVAMEN LEY 25413 S/DEB;-1.94;;23014339.36
13/01/2023;GRAVAMEN LEY 25413 S/DEB;-1.38;;23014337.98
13/01/2023;GRAVAMEN LEY 25413 S/DEB;-3.78;;23014334.20
13/01/2023;GRAVAMEN LEY 25413 S/DEB;-1.51;;23014332.69
13/01/2023;GRAVAMEN LEY 25413 S/DEB;-1.43;;23014331.26
13/01/2023;GRAVAMEN LEY 25413 S/DEB;-0.69;;23014330.57
13/01/2023;TRANSF. VAR 23169263639;23050.00;;20042267.26
13/01/2023;TRANSF. FAC 30709442496 NEOM SRL;59125.00;;20101392.26
13/01/2023;TRANSF. VAR 23943370184;19064.99;;22589998.13
13/01/2023;TRANSF. FAC 27335374849;26504.62;;22616502.75
13/01/2023;TRANSF. VAR 20325783061;24025.31;;22640528.06
13/01/2023;TRANSF. VAR 27958130770 LUSINDA APARICIO HUANC;26443.00;;22666971.06
13/01/2023;TRANSF. VAR 20363027440;11262.70;;22678233.76
13/01/2023;TRANSF. VAR 27311734402;49562.00;;22727795.76
13/01/2023;TRANSF. FAC 27188961032 ABAN CASTRO TEODORA PA;65491.00;;22793286.76
13/01/2023;TRANSF. VAR 20380928788;13867.00;;22807153.76
13/01/2023;TRANSF. VAR 27435498979;15236.00;;22822389.76
13/01/2023;TRANSF. VAR 20291324607;18248.00;;22840637.76
13/01/2023;TRANSF. VAR 20243926905;20978.00;;22861615.76
12/01/2023;GRAVAMEN LEY 25413 S/CRED;-83.70;;25627240.12
12/01/2023;REG.REC.SIRCREB;-195.30;;25627044.82
12/01/2023;GRAVAMEN LEY 25413 S/DEB;-8.82;;25627036.00
12/01/2023;GRAVAMEN LEY 25413 S/DEB;-4526.66;;25622509.34
12/01/2023;GRAVAMEN LEY 25413 S/CRED;-111.72;;25622397.62
12/01/2023;REG.REC.SIRCREB;-260.68;;25622136.94
12/01/2023;GRAVAMEN LEY 25413 S/CRED;-82.15;;25622054.79
12/01/2023;REG.REC.SIRCREB;-191.67;;25621863.12
12/01/2023;GRAVAMEN LEY 25413 S/CRED;-126.63;;25621736.49
12/01/2023;REG.REC.SIRCREB;-295.47;;25621441.02
12/01/2023;GRAVAMEN LEY 25413 S/CRED;-309.16;;25621131.86
12/01/2023;REG.REC.SIRCREB;-721.38;;25620410.48
12/01/2023;GRAVAMEN LEY 25413 S/CRED;-744.00;;25619666.48
12/01/2023;REG.REC.SIRCREB;-1736.00;;25617930.48
12/01/2023;GRAVAMEN LEY 25413 S/CRED;-87.15;;25617843.33
12/01/2023;REG.REC.SIRCREB;-203.35;;25617639.98
12/01/2023;GRAVAMEN LEY 25413 S/CRED;-61.90;;25617578.08
12/01/2023;TRANSF. VAR 20410513960;336.00;;34932598.11
12/01/2023;TRANSF. VAR 23943370184;26724.47;;34959322.58
12/01/2023;TRANSF. VAR 20371728717;16073.00;;34975395.58
12/01/2023;TRANSF. VAR 20187060622;8216.63;;34983612.21
12/01/2023;TRANSF. VAR 27943414985;11150.00;;34994762.21
12/01/2023;PAGO LINK-CAMUZZI GAS DEL SUR;-1014.55;;34993747.66
12/01/2023;PAGO LINK-CAMUZZI GAS DEL SUR;-382.69;;34993364.97
12/01/2023;GRAVAMEN LEY 25413 S/CRED;-101.80;;25695120.90
12/01/2023;REG.REC.SIRCREB;-237.54;;25694883.36
12/01/2023;REG.REC.SIRCREB;-225.02;;25634173.68
12/01/2023;GRAVAMEN LEY 25413 S/CRED;-26.71;;25694856.65
12/01/2023;REG.REC.SIRCREB;-62.33;;25694794.32
12/01/2023;GRAVAMEN LEY 25413 S/CRED;-57.23;;25694737.09
12/01/2023;REG.REC.SIRCREB;-133.54;;25694603.55
12/01/2023;GRAVAMEN LEY 25413 S/CRED;-42.60;;25694560.95
12/01/2023;REG.REC.SIRCREB;-99.40;;25694461.55
12/01/2023;GRAVAMEN LEY 25413 S/CRED;-101.38;;25694360.17
12/01/2023;REG.REC.SIRCREB;-236.56;;25694123.61
12/01/2023;GRAVAMEN LEY 25413 S/CRED;-69.41;;25694054.20
12/01/2023;REG.REC.SIRCREB;-161.95;;25693892.25
12/01/2023;GRAVAMEN LEY 25413 S/CRED;-60.00;;25693832.25
12/01/2023;REG.REC.SIRCREB;-140.00;;25693692.25
12/01/2023;GRAVAMEN LEY 25413 S/CRED;-88.81;;25693603.44
12/01/2023;REG.REC.SIRCREB;-207.23;;25693396.21
12/01/2023;GRAVAMEN LEY 25413 S/CRED;-83.64;;25693312.57
12/01/2023;REG.REC.SIRCREB;-195.16;;25693117.41
12/01/2023;GRAVAMEN LEY 25413 S/CRED;-84.10;;25693033.31
12/01/2023;REG.REC.SIRCREB;-196.24;;25692837.07
12/01/2023;GRAVAMEN LEY 25413 S/CRED;-638.19;;25692198.88
12/01/2023;REG.REC.SIRCREB;-1489.10;;25690709.78
12/01/2023;GRAVAMEN LEY 25413 S/CRED;-49.30;;25634124.38
12/01/2023;REG.REC.SIRCREB;-115.03;;25634009.35
12/01/2023;GRAVAMEN LEY 25413 S/CRED;-66.90;;25633942.45
12/01/2023;REG.REC.SIRCREB;-156.10;;25633786.35
12/01/2023;GRAVAMEN LEY 25413 S/DEB;-6.09;;25633780.26
12/01/2023;GRAVAMEN LEY 25413 S/DEB;-2.30;;25633777.96
12/01/2023;GRAVAMEN LEY 25413 S/DEB;-4.58;;25633773.38
12/01/2023;GRAVAMEN LEY 25413 S/CRED;-12367.20;;25678342.58
12/01/2023;REG.REC.SIRCREB;-28856.80;;25649485.78
12/01/2023;GRAVAMEN LEY 25413 S/CRED;-69.45;;25649416.33
12/01/2023;REG.REC.SIRCREB;-162.05;;25649254.28
12/01/2023;GRAVAMEN LEY 25413 S/CRED;-99.66;;25649154.62
12/01/2023;REG.REC.SIRCREB;-232.54;;25648922.08
12/01/2023;GRAVAMEN LEY 25413 S/CRED;-111.59;;25648810.49
12/01/2023;REG.REC.SIRCREB;-260.38;;25648550.11
12/01/2023;GRAVAMEN LEY 25413 S/CRED;-113.97;;25648436.14
12/01/2023;REG.REC.SIRCREB;-265.93;;25648170.21
12/01/2023;GRAVAMEN LEY 25413 S/CRED;-140.30;;25648029.91
12/01/2023;REG.REC.SIRCREB;-327.36;;25647702.55
12/01/2023;GRAVAMEN LEY 25413 S/CRED;-449.68;;25647252.87
12/01/2023;GRAVAMEN LEY 25413 S/CRED;-35.87;;25633737.51
12/01/2023;REG.REC.SIRCREB;-83.71;;25633653.80
12/01/2023;GRAVAMEN LEY 25413 S/CRED;-287.40;;25633366.40
12/01/2023;REG.REC.SIRCREB;-670.60;;25632695.80
12/01/2023;GRAVAMEN LEY 25413 S/CRED;-254.32;;25632441.48
12/01/2023;REG.REC.SIRCREB;-593.41;;25631848.07
12/01/2023;GRAVAMEN LEY 25413 S/CRED;-140.79;;25631707.28
12/01/2023;REG.REC.SIRCREB;-328.51;;25631378.77
12/01/2023;GRAVAMEN LEY 25413 S/CRED;-157.97;;25631220.80
12/01/2023;REG.REC.SIRCREB;-368.60;;25630852.20
12/01/2023;GRAVAMEN LEY 25413 S/CRED;-878.51;;25629973.69
12/01/2023;REG.REC.SIRCREB;-2049.87;;25627923.82
12/01/2023;GRAVAMEN LEY 25413 S/CRED;-180.00;;25627743.82
12/01/2023;REG.REC.SIRCREB;-420.00;;25627323.82
12/01/2023;GRAVAMEN LEY 25413 S/CRED;-180.00;;25642949.38
12/01/2023;REG.REC.SIRCREB;-420.00;;25642529.38
12/01/2023;GRAVAMEN LEY 25413 S/CRED;-133.82;;25642395.56
12/01/2023;REG.REC.SIRCREB;-312.26;;25642083.30
12/01/2023;GRAVAMEN LEY 25413 S/CRED;-75.79;;25642007.51
12/01/2023;REG.REC.SIRCREB;-176.84;;25641830.67
12/01/2023;GRAVAMEN LEY 25413 S/CRED;-66.36;;25641764.31
12/01/2023;REG.REC.SIRCREB;-154.84;;25641609.47
12/01/2023;GRAVAMEN LEY 25413 S/CRED;-448.22;;25641161.25
12/01/2023;REG.REC.SIRCREB;-1045.84;;25640115.41
12/01/2023;GRAVAMEN LEY 25413 S/CRED;-44.50;;25640070.91
12/01/2023;REG.REC.SIRCREB;-103.83;;25639967.08
12/01/2023;GRAVAMEN LEY 25413 S/CRED;-53.51;;25639913.57
12/01/2023;REG.REC.SIRCREB;-124.87;;25639788.70
12/01/2023;GRAVAMEN LEY 25413 S/CRED;-132.00;;25639656.70
12/01/2023;REG.REC.SIRCREB;-308.00;;25639348.70
12/01/2023;GRAVAMEN LEY 25413 S/CRED;-289.10;;25639059.60
12/01/2023;REG.REC.SIRCREB;-674.57;;25638385.03
12/01/2023;GRAVAMEN LEY 25413 S/CRED;-155.28;;25638229.75
12/01/2023;REG.REC.SIRCREB;-362.31;;25637867.44
12/01/2023;GRAVAMEN LEY 25413 S/CRED;-301.70;;25637565.74
12/01/2023;REG.REC.SIRCREB;-703.96;;25636861.78
12/01/2023;GRAVAMEN LEY 25413 S/CRED;-367.23;;25636494.55
12/01/2023;REG.REC.SIRCREB;-856.88;;25635637.67
12/01/2023;GRAVAMEN LEY 25413 S/CRED;-30.34;;25635607.33
12/01/2023;REG.REC.SIRCREB;-70.78;;25635536.55
12/01/2023;GRAVAMEN LEY 25413 S/CRED;-60.06;;25635476.49
12/01/2023;REG.REC.SIRCREB;-140.14;;25635336.35
12/01/2023;GRAVAMEN LEY 25413 S/CRED;-90.00;;25635246.35
12/01/2023;REG.REC.SIRCREB;-210.00;;25635036.35
12/01/2023;GRAVAMEN LEY 25413 S/CRED;-2.02;;25635034.33
12/01/2023;REG.REC.SIRCREB;-4.70;;25635029.63
12/01/2023;GRAVAMEN LEY 25413 S/CRED;-160.35;;25634869.28
12/01/2023;TRANSF. VAR 27380837973;124000.00;;34802058.49
12/01/2023;TRANSF. VAR 27262479884 RIVAS, VALERIA;4728.00;;34696033.02
12/01/2023;DEB.P.FIJO CANAL ELECT.;-9000000.00;;25696033.02
12/01/2023;TRANSF. VAR 27343550842;14525.00;;34816583.49
12/01/2023;TRANSF. VAR 27945203450;10316.00;;34826899.49
12/01/2023;TRANSF. FAC 27940846566 MARQUEZ CARDOZO MARGAR;40229.45;;34867128.94
12/01/2023;TRANSF. 30547242331 MASTELLONE HNOS. S.A.;-30046.25;;34837082.69
12/01/2023;TRANSF. 30501116242 DANONE ARGENTINA S.A.;-205651.34;;34631431.35
12/01/2023;TRANSF. FAC 27940846566;18000.00;;34649431.35
12/01/2023;TRANSF. VAR 23943279209 SANDOVAL C  GUIDO;38577.00;;34688008.35
12/01/2023;TRANSF. VAR 20363027440;3296.67;;34691305.02
12/01/2023;COMIS.DEB.TRANSF.INTERPYM;-48.00;;25695985.02
12/01/2023;COMIS.DEB.TRANSF.INTERPYM;-48.00;;25695937.02
12/01/2023;I.V.A. BASE;-20.16;;25695916.86
12/01/2023;GRAVAMEN LEY 25413 S/CRED;-208.25;;25695708.61
12/01/2023;REG.REC.SIRCREB;-374.14;;25634495.14
12/01/2023;GRAVAMEN LEY 25413 S/CRED;-96.44;;25634398.70
12/01/2023;REG.REC.SIRCREB;-485.91;;25695222.70
12/01/2023;TRANSF. VAR 20340513720;34708.00;;31838248.83
12/01/2023;TRANSF. VAR 27190314974;16967.00;;31855215.83
12/01/2023;TRANSF. VAR 27272554043;8919.00;;34656030.11
12/01/2023;TRANSF. VAR 23315441269;22000.00;;34678030.11
12/01/2023;TRANSF. FAC 23243612349 OCHOA ADOLFO RAUL;26845.88;;34704875.99
12/01/2023;TRANSF. FAC 23243612349 OCHOA ADOLFO RAUL;11769.31;;34716645.30
12/01/2023;TRANSF. VAR 30714623547;48183.57;;34764828.87
12/01/2023;TRANSF. VAR 27396468293;25879.33;;34790708.20
12/01/2023;TRANSF. VAR 20270564276 ALBERDI ALGANARAS, NES;50282.52;;34840990.72
12/01/2023;TRANSF. VAR 30714752223;61205.39;;34902196.11
12/01/2023;TRANSF. VAR 27227480594;5056.00;;34907252.11
12/01/2023;TRANSF. VAR 20275169634;10010.00;;34917262.11
12/01/2023;TRANSF. VAR 20410513960;15000.00;;34932262.11
12/01/2023;GRAVAMEN LEY 25413 S/DEB;-1.56;;25614435.99
12/01/2023;GRAVAMEN LEY 25413 S/DEB;-1.15;;25614434.84
12/01/2023;GRAVAMEN LEY 25413 S/DEB;-1.77;;25614433.07
12/01/2023;GRAVAMEN LEY 25413 S/DEB;-4.33;;25614428.74
12/01/2023;GRAVAMEN LEY 25413 S/DEB;-10.42;;25614418.32
12/01/2023;GRAVAMEN LEY 25413 S/DEB;-1.22;;25614417.10
12/01/2023;GRAVAMEN LEY 25413 S/DEB;-0.87;;25614416.23
12/01/2023;GRAVAMEN LEY 25413 S/DEB;-1.51;;25614414.72
12/01/2023;GRAVAMEN LEY 25413 S/DEB;-3.24;;25614411.48
12/01/2023;GRAVAMEN LEY 25413 S/DEB;-0.28;;25614411.20
12/01/2023;GRAVAMEN LEY 25413 S/DEB;-0.40;;25614410.80
12/01/2023;TRANSF. FAC 27942361241 APARICIO HUANCA BERTHA;21104.75;;34626531.49
12/01/2023;GRAVAMEN LEY 25413 S/DEB;-180.28;;25617253.38
12/01/2023;GRAVAMEN LEY 25413 S/DEB;-1233.91;;25616019.47
12/01/2023;GRAVAMEN LEY 25413 S/CRED;-108.00;;25615911.47
12/01/2023;REG.REC.SIRCREB;-252.00;;25615659.47
12/01/2023;GRAVAMEN LEY 25413 S/CRED;-231.46;;25615428.01
12/01/2023;REG.REC.SIRCREB;-540.08;;25614887.93
12/01/2023;GRAVAMEN LEY 25413 S/CRED;-19.78;;25614868.15
12/01/2023;REG.REC.SIRCREB;-46.15;;25614822.00
12/01/2023;GRAVAMEN LEY 25413 S/CRED;-28.37;;25614793.63
12/01/2023;REG.REC.SIRCREB;-66.19;;25614727.44
12/01/2023;GRAVAMEN LEY 25413 S/DEB;-0.29;;25614727.15
12/01/2023;GRAVAMEN LEY 25413 S/DEB;-0.29;;25614726.86
12/01/2023;GRAVAMEN LEY 25413 S/DEB;-0.12;;25614726.74
12/01/2023;GRAVAMEN LEY 25413 S/DEB;-2.92;;25614723.82
12/01/2023;GRAVAMEN LEY 25413 S/DEB;-1.43;;25614722.39
12/01/2023;GRAVAMEN LEY 25413 S/DEB;-0.37;;25614722.02
12/01/2023;GRAVAMEN LEY 25413 S/DEB;-0.80;;25614721.22
12/01/2023;GRAVAMEN LEY 25413 S/DEB;-0.60;;25614720.62
12/01/2023;GRAVAMEN LEY 25413 S/DEB;-1.42;;25614719.20
12/01/2023;GRAVAMEN LEY 25413 S/DEB;-0.97;;25614718.23
12/01/2023;GRAVAMEN LEY 25413 S/DEB;-0.84;;25614717.39
12/01/2023;GRAVAMEN LEY 25413 S/DEB;-1.24;;25614716.15
12/01/2023;GRAVAMEN LEY 25413 S/DEB;-1.17;;25614714.98
12/01/2023;GRAVAMEN LEY 25413 S/DEB;-1.18;;25614713.80
12/01/2023;GRAVAMEN LEY 25413 S/DEB;-8.93;;25614704.87
12/01/2023;GRAVAMEN LEY 25413 S/DEB;-173.14;;25614531.73
12/01/2023;GRAVAMEN LEY 25413 S/DEB;-0.97;;25614530.76
12/01/2023;GRAVAMEN LEY 25413 S/DEB;-1.40;;25614529.36
12/01/2023;GRAVAMEN LEY 25413 S/DEB;-1.56;;25614527.80
12/01/2023;GRAVAMEN LEY 25413 S/DEB;-1.60;;25614526.20
12/01/2023;GRAVAMEN LEY 25413 S/DEB;-1.96;;25614524.24
12/01/2023;GRAVAMEN LEY 25413 S/DEB;-6.30;;25614517.94
12/01/2023;GRAVAMEN LEY 25413 S/DEB;-0.86;;25614517.08
12/01/2023;GRAVAMEN LEY 25413 S/DEB;-0.98;;25614516.10
12/01/2023;GRAVAMEN LEY 25413 S/DEB;-8.91;;25614507.19
12/01/2023;GRAVAMEN LEY 25413 S/DEB;-2.16;;25614505.03
12/01/2023;GRAVAMEN LEY 25413 S/DEB;-2.52;;25614502.51
12/01/2023;GRAVAMEN LEY 25413 S/DEB;-1.87;;25614500.64
12/01/2023;GRAVAMEN LEY 25413 S/DEB;-1.06;;25614499.58
12/01/2023;GRAVAMEN LEY 25413 S/DEB;-0.93;;25614498.65
12/01/2023;GRAVAMEN LEY 25413 S/DEB;-6.28;;25614492.37
12/01/2023;GRAVAMEN LEY 25413 S/DEB;-0.62;;25614491.75
12/01/2023;TRANSF. FAC 27228661169 VAZQUEZ, ROSSANA CARIN;51527.00;;34678058.49
12/01/2023;REG.REC.SIRCREB;-1049.26;;25646203.61
12/01/2023;GRAVAMEN LEY 25413 S/CRED;-61.56;;25646142.05
12/01/2023;REG.REC.SIRCREB;-143.64;;25645998.41
12/01/2023;GRAVAMEN LEY 25413 S/CRED;-70.27;;25645928.14
12/01/2023;REG.REC.SIRCREB;-163.97;;25645764.17
12/01/2023;GRAVAMEN LEY 25413 S/CRED;-636.15;;25645128.02
12/01/2023;REG.REC.SIRCREB;-1484.34;;25643643.68
12/01/2023;GRAVAMEN LEY 25413 S/CRED;-154.29;;25643489.39
12/01/2023;REG.REC.SIRCREB;-360.01;;25643129.38
12/01/2023;PAGO LINK-CAMUZZI GAS DEL SUR;-763.69;;34992601.28
12/01/2023;TRANSF. VAR 27174647564;5979.00;;34998580.28
12/01/2023;TRANSF. VAR 27274312535;47900.00;;35046480.28
12/01/2023;TRANSF. VAR 23224180349;42386.41;;35088866.69
12/01/2023;TRANSF. VAR 20180845977;23465.00;;35112331.69
12/01/2023;TRANSF. VAR 27960629707;26328.72;;35138660.41
12/01/2023;TRANSF. FAC 27335374849;146419.01;;35285079.42
12/01/2023;TRANSF. VAR 27946435711;30000.00;;35315079.42
12/01/2023;TRANSF. VAR 27937486834;13950.00;;35329029.42
12/01/2023;TRANSF. 30500010912 AFIP - DGI - SETI - 2 INTERBA;-1470.00;;35327559.42
12/01/2023;TRANSF. VAR 20363027440;4452.00;;31859667.83
12/01/2023;TRANSF. VAR 27338493210;9538.55;;31869206.38
12/01/2023;TRANSF. VAR 27295087086;7100.00;;31876306.38
12/01/2023;TRANSF. VAR 23936887929;16897.34;;31893203.72
12/01/2023;TRANSF. VAR 27228661827;11568.00;;31904771.72
12/01/2023;TRANSF. VAR 27207875134 EIRAS, CELIA MABEL;10000.00;;31914771.72
12/01/2023;TRANSF. VAR 20174987182;14802.00;;31929573.72
12/01/2023;TRANSF. VAR 27928875909;13939.87;;31943513.59
12/01/2023;TRANSF. VAR 20446282094;14017.00;;31957530.59
12/01/2023;TRANSF. 30715403524 MERCADOS PATAGONICOS S.R.L;106364.30;;32063894.89
12/01/2023;DEP.EFVO.INTERS.         -SUC 3100;2061200.00;;34125094.89
12/01/2023;TRANSF. VAR 27333687572 GOMEZ, CARLA ESTEFANIA;11575.00;;34136669.89
12/01/2023;TRANSF. 30500010912 AFIP - DGI - SETI - 2 INTERBA;-754443.68;;34573115.74
12/01/2023;TRANSF. VAR 23951099619;18620.00;;34591735.74
12/01/2023;TRANSF. VAR 27941089467 APARICIO HUANCA SANDRA;16610.08;;34153279.97
12/01/2023;TRANSF. VAR 23293475229 MANARA/MATIAS EMANUEL;18598.80;;34171878.77
12/01/2023;TRANSF. VAR 27237891800;18995.00;;34190873.77
12/01/2023;TRANSF. VAR 20940074887;23383.00;;34214256.77
12/01/2023;TRANSF. VAR 20243257442;74947.00;;34289203.77
12/01/2023;TRANSF. VAR 20279147724;10260.00;;34299463.77
12/01/2023;TRANSF. VAR 20243926905;11712.00;;34311175.77
12/01/2023;TRANSF. FAC 27335783595 HUARACHI JUANA GRACIEL;106024.37;;34417200.14
12/01/2023;TRANSF. VAR 27253380476 GROSSO, ROSANA YANINA;25714.80;;34442914.94
12/01/2023;TRANSF. VAR 20263505140 AIZA OSCAR HUGO;46082.00;;34488996.94
12/01/2023;REG.REC.SIRCREB;-144.42;;25617433.66
12/01/2023;TRANSF. VAR 27285294393;30000.00;;34518996.94
12/01/2023;TRANSF. VAR 27146673037;22304.00;;34541300.94
12/01/2023;TRANSF. VAR 27947678731;12631.12;;34553932.06
12/01/2023;TRANSF. VAR 20149248839;11060.00;;34564992.06
12/01/2023;TRANSF. VAR 27252249953;74702.74;;34639694.80
12/01/2023;TRANSF. VAR 20055166324;7416.31;;34647111.11
12/01/2023;TRANSF. VAR 27300046547;13691.00;;34605426.74
12/01/2023;GRAVAMEN LEY 25413 S/DEB;-0.75;;25614491.00
12/01/2023;GRAVAMEN LEY 25413 S/DEB;-1.85;;25614489.15
12/01/2023;GRAVAMEN LEY 25413 S/DEB;-4.05;;25614485.10
12/01/2023;GRAVAMEN LEY 25413 S/DEB;-2.17;;25614482.93
12/01/2023;GRAVAMEN LEY 25413 S/DEB;-4.22;;25614478.71
12/01/2023;GRAVAMEN LEY 25413 S/DEB;-5.14;;25614473.57
12/01/2023;GRAVAMEN LEY 25413 S/DEB;-0.42;;25614473.15
12/01/2023;GRAVAMEN LEY 25413 S/DEB;-0.84;;25614472.31
12/01/2023;GRAVAMEN LEY 25413 S/DEB;-1.26;;25614471.05
12/01/2023;GRAVAMEN LEY 25413 S/DEB;-0.03;;25614471.02
12/01/2023;GRAVAMEN LEY 25413 S/DEB;-2.24;;25614468.78
12/01/2023;GRAVAMEN LEY 25413 S/DEB;-1.35;;25614467.43
12/01/2023;GRAVAMEN LEY 25413 S/DEB;-0.69;;25614466.74
12/01/2023;GRAVAMEN LEY 25413 S/DEB;-0.94;;25614465.80
12/01/2023;GRAVAMEN LEY 25413 S/DEB;-0.50;;25614465.30
12/01/2023;GRAVAMEN LEY 25413 S/DEB;-4.02;;25614461.28
12/01/2023;GRAVAMEN LEY 25413 S/DEB;-3.56;;25614457.72
12/01/2023;GRAVAMEN LEY 25413 S/DEB;-1.97;;25614455.75
12/01/2023;GRAVAMEN LEY 25413 S/DEB;-2.21;;25614453.54
12/01/2023;GRAVAMEN LEY 25413 S/DEB;-12.30;;25614441.24
12/01/2023;GRAVAMEN LEY 25413 S/DEB;-2.52;;25614438.72
12/01/2023;GRAVAMEN LEY 25413 S/DEB;-1.17;;25614437.55
11/01/2023;GRAVAMEN LEY 25413 S/DEB;-12.58;;31804055.87
11/01/2023;GRAVAMEN LEY 25413 S/DEB;-103.53;;31803952.34
11/01/2023;GRAVAMEN LEY 25413 S/DEB;-3.59;;31803948.75
11/01/2023;GRAVAMEN LEY 25413 S/DEB;-1.83;;31803946.92
11/01/2023;GRAVAMEN LEY 25413 S/DEB;-2.49;;31803944.43
11/01/2023;GRAVAMEN LEY 25413 S/CRED;-147.59;;31825713.27
11/01/2023;REG.REC.SIRCREB;-344.38;;31825368.89
11/01/2023;GRAVAMEN LEY 25413 S/CRED;-94.43;;31825274.46
11/01/2023;REG.REC.SIRCREB;-220.33;;31825054.13
11/01/2023;GRAVAMEN LEY 25413 S/CRED;-66.00;;31824988.13
11/01/2023;REG.REC.SIRCREB;-154.00;;31824834.13
11/01/2023;GRAVAMEN LEY 25413 S/CRED;-69.00;;31824765.13
11/01/2023;REG.REC.SIRCREB;-161.00;;31824604.13
11/01/2023;GRAVAMEN LEY 25413 S/CRED;-126.78;;31824477.35
11/01/2023;REG.REC.SIRCREB;-295.81;;31824181.54
11/01/2023;GRAVAMEN LEY 25413 S/CRED;-102.00;;31824079.54
11/01/2023;REG.REC.SIRCREB;-238.00;;31823841.54
11/01/2023;GRAVAMEN LEY 25413 S/CRED;-92.22;;31823749.32
11/01/2023;REG.REC.SIRCREB;-215.18;;31823534.14
11/01/2023;GRAVAMEN LEY 25413 S/CRED;-254.47;;31823279.67
11/01/2023;REG.REC.SIRCREB;-593.75;;31822685.92
11/01/2023;GRAVAMEN LEY 25413 S/DEB;-7109.72;;31815576.20
11/01/2023;GRAVAMEN LEY 25413 S/DEB;-1152.75;;31814423.45
11/01/2023;GRAVAMEN LEY 25413 S/DEB;-510.97;;31813912.48
11/01/2023;GRAVAMEN LEY 25413 S/CRED;-27.11;;31813885.37
11/01/2023;REG.REC.SIRCREB;-63.27;;31813822.10
11/01/2023;GRAVAMEN LEY 25413 S/CRED;-503.75;;31813318.35
11/01/2023;REG.REC.SIRCREB;-1175.42;;31812142.93
11/01/2023;GRAVAMEN LEY 25413 S/DEB;-279.87;;31811863.06
11/01/2023;GRAVAMEN LEY 25413 S/CRED;-329.18;;31811533.88
11/01/2023;REG.REC.SIRCREB;-768.10;;31810765.78
11/01/2023;GRAVAMEN LEY 25413 S/CRED;-107.59;;31810658.19
11/01/2023;REG.REC.SIRCREB;-251.05;;31810407.14
11/01/2023;TRANSF. VAR 27242150452;21347.00;;26905771.40
11/01/2023;TRANSF. VAR 27168468828;9489.00;;26915260.40
11/01/2023;TRANSF. VAR 27256645152 CARRICABURO/ANA B;130457.00;;27045717.40
11/01/2023;TRANSF. VAR 20265791221;28929.00;;27074646.40
11/01/2023;TRANSF. VAR 27949215194 BALDIVIEZO VENTURA DEL;51860.00;;27126506.40
11/01/2023;TRANSF. VAR 27190503912;14928.13;;27141434.53
11/01/2023;TRANSF. FAC 20281196341;19367.80;;27160802.33
11/01/2023;TRANSF. VAR 20261218128;29616.85;;27190419.18
11/01/2023;DEP.EFECTIVO;12325.00;;27202744.18
11/01/2023;DEP.EFECTIVO;-12325.00;;27190419.18
11/01/2023;TRANSF. VAR 20380839483;20253.03;;27210672.21
11/01/2023;CR. TR. FACTURAS-FAC     -SUC 0001;149812.00;;27360484.21
11/01/2023;DEP.EFECTIVO;1232500.00;;28592984.21
11/01/2023;TRANSF. VAR 23940898749;42712.66;;28635696.87
11/01/2023;TRANSF. VAR 20950063344;21757.00;;28657453.87
11/01/2023;GRAVAMEN LEY 25413 S/DEB;-1.77;;31803587.18
11/01/2023;GRAVAMEN LEY 25413 S/DEB;-1.43;;31803585.75
11/01/2023;REG.REC.SIRCREB;-298.86;;31945413.44
11/01/2023;GRAVAMEN LEY 25413 S/CRED;-56.93;;31945356.51
11/01/2023;REG.REC.SIRCREB;-132.85;;31945223.66
11/01/2023;GRAVAMEN LEY 25413 S/CRED;-782.74;;31944440.92
11/01/2023;REG.REC.SIRCREB;-1826.40;;31942614.52
11/01/2023;GRAVAMEN LEY 25413 S/CRED;-173.57;;31942440.95
11/01/2023;REG.REC.SIRCREB;-405.01;;31942035.94
11/01/2023;GRAVAMEN LEY 25413 S/CRED;-89.57;;31941946.37
11/01/2023;REG.REC.SIRCREB;-208.99;;31941737.38
11/01/2023;GRAVAMEN LEY 25413 S/CRED;-116.21;;31941621.17
11/01/2023;REG.REC.SIRCREB;-271.15;;31941350.02
11/01/2023;GRAVAMEN LEY 25413 S/CRED;-177.70;;31941172.32
11/01/2023;REG.REC.SIRCREB;-414.64;;31940757.68
11/01/2023;GRAVAMEN LEY 25413 S/CRED;-121.52;;31940636.16
11/01/2023;REG.REC.SIRCREB;-283.54;;31940352.62
11/01/2023;GRAVAMEN LEY 25413 S/CRED;-898.87;;31939453.75
11/01/2023;REG.REC.SIRCREB;-2097.37;;31937356.38
11/01/2023;GRAVAMEN LEY 25413 S/CRED;-7395.00;;31929961.38
11/01/2023;REG.REC.SIRCREB;-17255.00;;31912706.38
11/01/2023;GRAVAMEN LEY 25413 S/CRED;-256.28;;31912450.10
11/01/2023;REG.REC.SIRCREB;-597.98;;31911852.12
11/01/2023;GRAVAMEN LEY 25413 S/CRED;-130.54;;31911721.58
11/01/2023;REG.REC.SIRCREB;-304.60;;31911416.98
11/01/2023;GRAVAMEN LEY 25413 S/CRED;-178.16;;31911238.82
11/01/2023;TRANSF. FAC 27940846566;23445.19;;32270941.15
11/01/2023;TRANSF. VAR 27234345368 GLORIA/MABEL PERALTA;18557.00;;32289498.15
11/01/2023;TRANSF. VAR 24227307850;29771.00;;32319269.15
11/01/2023;TRANSF. VAR 20209857074;10318.14;;32329587.29
11/01/2023;TRANSF. VAR 27227258026;12497.41;;32342084.70
11/01/2023;TRANSF. VAR 27949263202 FAJARDO VILAJA, RUTH;68370.00;;32410454.70
11/01/2023;TRANSF. VAR 27393552927;12922.00;;32423376.70
11/01/2023;TRANSF. VAR 20937674539 ORTEGA RAMIREZ VICTOR;74819.42;;32498196.12
11/01/2023;TRANSF. VAR 24295049592 CECCHINI, GIACONDO ALE;17347.53;;32515543.65
11/01/2023;TRANSF. FAC 27188961032 ABAN CASTRO TEODORA PA;111942.60;;32627486.25
11/01/2023;TRANSF. VAR 27254020171 BRUNO ESQUER  MARIA;113706.04;;32741192.29
11/01/2023;TRANSF. VAR 27958130770 LUSINDA APARICIO HUANC;47494.00;;32788686.29
11/01/2023;TRANSF. VAR 20230397962 COLQUE, LUIS ALBERTO;30237.38;;32818923.67
11/01/2023;TRANSF. VAR 20954560245 MARTINEZ B  DAVID;24598.87;;32843522.54
11/01/2023;TRANSF. VAR 27237891800;15738.00;;32859260.54
11/01/2023;TRANSF. VAR 27329726865;11000.00;;32870260.54
11/01/2023;GRAVAMEN LEY 25413 S/CRED;-73.05;;31863678.74
11/01/2023;TRANSF. VAR 20219189770;11500.00;;32881760.54
11/01/2023;TRANSF. VAR 27952072671;21129.23;;32902889.77
11/01/2023;TRANSF. VAR 27240713840;17000.00;;32919889.77
11/01/2023;TRANSF. VAR 20936467769;15370.00;;32935259.77
11/01/2023;TRANSF. FAC 27326947240 FARIAS  CRISTINA S;42410.96;;32977670.73
11/01/2023;TRANSF. FAC 30648060846;-1184953.80;;31792716.93
11/01/2023;REG.REC.SIRCREB;-170.45;;31863508.29
11/01/2023;GRAVAMEN LEY 25413 S/CRED;-328.94;;31863179.35
11/01/2023;REG.REC.SIRCREB;-767.53;;31862411.82
11/01/2023;GRAVAMEN LEY 25413 S/CRED;-128.36;;31862283.46
11/01/2023;REG.REC.SIRCREB;-299.50;;31861983.96
11/01/2023;GRAVAMEN LEY 25413 S/CRED;-375.93;;31861608.03
11/01/2023;REG.REC.SIRCREB;-877.17;;31860730.86
11/01/2023;GRAVAMEN LEY 25413 S/CRED;-339.91;;31860390.95
11/01/2023;REG.REC.SIRCREB;-793.12;;31859597.83
11/01/2023;GRAVAMEN LEY 25413 S/CRED;-68.32;;31859529.51
11/01/2023;REG.REC.SIRCREB;-159.42;;31859370.09
11/01/2023;GRAVAMEN LEY 25413 S/CRED;-638.17;;31858731.92
11/01/2023;GRAVAMEN LEY 25413 S/DEB;-1.63;;31804072.64
11/01/2023;GRAVAMEN LEY 25413 S/DEB;-2.49;;31804070.15
11/01/2023;GRAVAMEN LEY 25413 S/DEB;-1.70;;31804068.45
11/01/2023;GRAVAMEN LEY 25413 S/DEB;-1.51;;31803567.35
11/01/2023;GRAVAMEN LEY 25413 S/DEB;-0.67;;31803566.68
11/01/2023;GRAVAMEN LEY 25413 S/DEB;-25.85;;31803540.83
11/01/2023;REG.REC.SIRCREB;-2026.52;;31863751.79
11/01/2023;DEP.EFVO.INTERS.         -SUC 3100;2193900.00;;30895962.00
11/01/2023;TRANSF. FAC 20190786499 GARCIA V  CARLOS;144751.57;;31040713.57
11/01/2023;TRANSF. VAR 23943370184;12174.83;;31052888.40
11/01/2023;TRANSF. VAR 27380927301;54823.73;;31107712.13
11/01/2023;TRANSF. VAR 27261218742;21393.00;;31129105.13
11/01/2023;TRANSF. VAR 20944638319;62655.00;;31191760.13
11/01/2023;TRANSF. VAR 20190786499;56651.21;;31248411.34
11/01/2023;TRANSF. VAR 27127151607;11387.00;;31259798.34
11/01/2023;TRANSF. VAR 27240852166;106362.00;;31366160.34
11/01/2023;TRANSF. VAR 23951099619;27173.00;;31393333.34
11/01/2023;TRANSF. FAC 27940846566 MARQUEZ CARDOZO MARGAR;40000.00;;31433333.34
11/01/2023;TRANSF. VAR 20317960477;40779.00;;31474112.34
11/01/2023;TRANSF. FAC 27258750166;-7438.02;;31466674.32
11/01/2023;TRANSF. VAR 20228401545;33348.00;;31500022.32
11/01/2023;TRANSF. VAR 20170676808 ARIEL BUSTAMANTE;890488.99;;32390511.31
11/01/2023;TRANSF. FAC 30505150372;-147791.26;;32242720.05
11/01/2023;TRANSF. 30715403524 MERCADOS PATAGONICOS S.R.L;60602.36;;32303322.41
11/01/2023;TRANSF. VAR 23951443069 GUEVARA T  FANOR;40966.55;;32344288.96
11/01/2023;TRANSF. VAR 20149248839;11900.00;;32356188.96
11/01/2023;TRANSF. FAC 30672897277;-108693.00;;32247495.96
11/01/2023;REG.REC.SIRCREB;-1489.07;;31857242.85
11/01/2023;GRAVAMEN LEY 25413 S/CRED;-163.04;;31857079.81
11/01/2023;REG.REC.SIRCREB;-380.42;;31856699.39
11/01/2023;GRAVAMEN LEY 25413 S/CRED;-244.67;;31856454.72
11/01/2023;REG.REC.SIRCREB;-570.91;;31855883.81
11/01/2023;GRAVAMEN LEY 25413 S/DEB;-44.63;;31855839.18
11/01/2023;GRAVAMEN LEY 25413 S/CRED;-200.09;;31855639.09
11/01/2023;REG.REC.SIRCREB;-466.87;;31855172.22
11/01/2023;GRAVAMEN LEY 25413 S/CRED;-5342.93;;31849829.29
11/01/2023;REG.REC.SIRCREB;-12466.85;;31837362.44
11/01/2023;GRAVAMEN LEY 25413 S/DEB;-886.75;;31836475.69
11/01/2023;GRAVAMEN LEY 25413 S/CRED;-363.61;;31836112.08
11/01/2023;REG.REC.SIRCREB;-848.43;;31835263.65
11/01/2023;GRAVAMEN LEY 25413 S/CRED;-245.80;;31835017.85
11/01/2023;REG.REC.SIRCREB;-573.53;;31834444.32
11/01/2023;GRAVAMEN LEY 25413 S/CRED;-71.40;;31834372.92
11/01/2023;REG.REC.SIRCREB;-166.60;;31834206.32
11/01/2023;GRAVAMEN LEY 25413 S/DEB;-652.16;;31833554.16
11/01/2023;GRAVAMEN LEY 25413 S/CRED;-140.67;;31833413.49
11/01/2023;REG.REC.SIRCREB;-328.23;;31833085.26
11/01/2023;GRAVAMEN LEY 25413 S/CRED;-111.34;;31832973.92
11/01/2023;REG.REC.SIRCREB;-259.80;;31832714.12
11/01/2023;GRAVAMEN LEY 25413 S/CRED;-178.63;;31832535.49
11/01/2023;REG.REC.SIRCREB;-416.79;;31832118.70
11/01/2023;GRAVAMEN LEY 25413 S/CRED;-61.91;;31832056.79
11/01/2023;REG.REC.SIRCREB;-144.45;;31831912.34
11/01/2023;GRAVAMEN LEY 25413 S/CRED;-74.98;;31831837.36
11/01/2023;REG.REC.SIRCREB;-174.96;;31831662.40
11/01/2023;GRAVAMEN LEY 25413 S/CRED;-410.22;;31831252.18
11/01/2023;REG.REC.SIRCREB;-957.18;;31830295.00
11/01/2023;GRAVAMEN LEY 25413 S/DEB;-1.09;;31803611.77
11/01/2023;GRAVAMEN LEY 25413 S/DEB;-1.46;;31803610.31
11/01/2023;GRAVAMEN LEY 25413 S/DEB;-9.55;;31803600.76
11/01/2023;GRAVAMEN LEY 25413 S/DEB;-3.99;;31803596.77
11/01/2023;GRAVAMEN LEY 25413 S/DEB;-2.54;;31803594.23
11/01/2023;GRAVAMEN LEY 25413 S/DEB;-2.07;;31803592.16
11/01/2023;GRAVAMEN LEY 25413 S/CRED;-128.08;;31945712.30
11/01/2023;GRAVAMEN LEY 25413 S/DEB;-1.32;;31803590.84
11/01/2023;GRAVAMEN LEY 25413 S/DEB;-0.92;;31803589.92
11/01/2023;GRAVAMEN LEY 25413 S/DEB;-0.97;;31803588.95
11/01/2023;TRANSF. VAR 20325783061;29693.84;;28687147.71
11/01/2023;TRANSF. VAR 27107489733;14914.29;;28702062.00
11/01/2023;GRAVAMEN LEY 25413 S/DEB;-1.79;;31804089.71
11/01/2023;GRAVAMEN LEY 25413 S/DEB;-0.80;;31804088.91
11/01/2023;GRAVAMEN LEY 25413 S/DEB;-10.96;;31804077.95
11/01/2023;GRAVAMEN LEY 25413 S/CRED;-77.53;;31830217.47
11/01/2023;REG.REC.SIRCREB;-180.91;;31830036.56
11/01/2023;GRAVAMEN LEY 25413 S/CRED;-104.09;;31829932.47
11/01/2023;REG.REC.SIRCREB;-242.87;;31829689.60
11/01/2023;GRAVAMEN LEY 25413 S/CRED;-682.24;;31829007.36
11/01/2023;REG.REC.SIRCREB;-1591.88;;31827415.48
11/01/2023;GRAVAMEN LEY 25413 S/CRED;-284.96;;31827130.52
11/01/2023;REG.REC.SIRCREB;-664.92;;31826465.60
11/01/2023;GRAVAMEN LEY 25413 S/CRED;-181.42;;31826284.18
11/01/2023;REG.REC.SIRCREB;-423.32;;31825860.86
11/01/2023;GRAVAMEN LEY 25413 S/DEB;-2.43;;31804075.52
11/01/2023;GRAVAMEN LEY 25413 S/DEB;-1.25;;31804074.27
11/01/2023;GRAVAMEN LEY 25413 S/CRED;-48.05;;31810359.09
11/01/2023;REG.REC.SIRCREB;-112.11;;31810246.98
11/01/2023;GRAVAMEN LEY 25413 S/CRED;-1846.64;;31808400.34
11/01/2023;REG.REC.SIRCREB;-4308.84;;31804091.50
11/01/2023;GRAVAMEN LEY 25413 S/DEB;-1.25;;31803943.18
11/01/2023;TRANSF. CUO 34533771795;-192125.70;;31600591.23
11/01/2023;TRANSF. CUO 30589957837;-85161.06;;31515430.17
11/01/2023;GRAVAMEN LEY 25413 S/DEB;-184.29;;31803758.89
11/01/2023;TRANSF. VAR 23348761099;4519.00;;31519949.17
11/01/2023;TRANSF. VAR 27281195722;83958.48;;31603907.65
11/01/2023;TRANSF. 30500010912 AFIP - DGI - SETI - 2 INTERBA;-46645.50;;31557262.15
11/01/2023;TRANSF. FAC 23169263639 KETTE JUAN CARLOS;54864.00;;31612126.15
11/01/2023;TRANSF. FAC 27930478836 AVALOS  PRIMA;17932.23;;31630058.38
11/01/2023;CR DEBIN SPOT            -LINK;8008.00;;31638066.38
11/01/2023;TRANSF.INT.DIST.TITULAR  -LINK;307774.00;;31945840.38
11/01/2023;GRAVAMEN LEY 25413 S/DEB;-12.16;;31803746.73
11/01/2023;GRAVAMEN LEY 25413 S/DEB;-1.02;;31803745.71
11/01/2023;GRAVAMEN LEY 25413 S/DEB;-4.61;;31803741.10
11/01/2023;GRAVAMEN LEY 25413 S/DEB;-1.80;;31803739.30
11/01/2023;GRAVAMEN LEY 25413 S/DEB;-5.26;;31803734.04
11/01/2023;GRAVAMEN LEY 25413 S/DEB;-4.76;;31803729.28
11/01/2023;GRAVAMEN LEY 25413 S/DEB;-0.96;;31803728.32
11/01/2023;GRAVAMEN LEY 25413 S/DEB;-8.93;;31803719.39
11/01/2023;GRAVAMEN LEY 25413 S/DEB;-2.28;;31803717.11
11/01/2023;GRAVAMEN LEY 25413 S/DEB;-3.43;;31803713.68
11/01/2023;GRAVAMEN LEY 25413 S/DEB;-2.80;;31803710.88
11/01/2023;GRAVAMEN LEY 25413 S/DEB;-74.80;;31803636.08
11/01/2023;GRAVAMEN LEY 25413 S/DEB;-5.09;;31803630.99
11/01/2023;GRAVAMEN LEY 25413 S/DEB;-3.44;;31803627.55
11/01/2023;GRAVAMEN LEY 25413 S/DEB;-1.00;;31803626.55
11/01/2023;GRAVAMEN LEY 25413 S/DEB;-1.97;;31803624.58
11/01/2023;GRAVAMEN LEY 25413 S/DEB;-1.56;;31803623.02
11/01/2023;GRAVAMEN LEY 25413 S/DEB;-2.50;;31803620.52
11/01/2023;GRAVAMEN LEY 25413 S/DEB;-0.87;;31803619.65
11/01/2023;GRAVAMEN LEY 25413 S/DEB;-1.05;;31803618.60
11/01/2023;GRAVAMEN LEY 25413 S/DEB;-5.74;;31803612.86
11/01/2023;REG.REC.SIRCREB;-415.71;;31910823.11
11/01/2023;GRAVAMEN LEY 25413 S/CRED;-89.49;;31910733.62
11/01/2023;REG.REC.SIRCREB;-208.80;;31910524.82
11/01/2023;GRAVAMEN LEY 25413 S/CRED;-13163.40;;31897361.42
11/01/2023;REG.REC.SIRCREB;-30714.60;;31866646.82
11/01/2023;GRAVAMEN LEY 25413 S/CRED;-868.51;;31865778.31
11/01/2023;GRAVAMEN LEY 25413 S/DEB;-1.29;;31803584.46
11/01/2023;GRAVAMEN LEY 25413 S/DEB;-3.56;;31803580.90
11/01/2023;GRAVAMEN LEY 25413 S/DEB;-0.38;;31803580.52
11/01/2023;GRAVAMEN LEY 25413 S/DEB;-7.05;;31803573.47
11/01/2023;GRAVAMEN LEY 25413 S/DEB;-4.61;;31803568.86
10/01/2023;GRAVAMEN LEY 25413 S/CRED;-1237.82;;26949438.31
10/01/2023;REG.REC.SIRCREB;-2888.24;;26946550.07
10/01/2023;GRAVAMEN LEY 25413 S/DEB;-0.84;;26884496.77
10/01/2023;GRAVAMEN LEY 25413 S/DEB;-6.78;;26884489.99
10/01/2023;GRAVAMEN LEY 25413 S/DEB;-0.84;;26884489.15
10/01/2023;GRAVAMEN LEY 25413 S/DEB;-0.74;;26884488.41
10/01/2023;GRAVAMEN LEY 25413 S/DEB;-1.82;;26884486.59
10/01/2023;GRAVAMEN LEY 25413 S/DEB;-0.56;;26884486.03
10/01/2023;GRAVAMEN LEY 25413 S/DEB;-3.14;;26884482.89
10/01/2023;GRAVAMEN LEY 25413 S/DEB;-1.62;;26884481.27
10/01/2023;GRAVAMEN LEY 25413 S/DEB;-0.97;;26884480.30
10/01/2023;GRAVAMEN LEY 25413 S/DEB;-0.73;;26884479.57
10/01/2023;GRAVAMEN LEY 25413 S/DEB;-2.35;;26884477.22
10/01/2023;GRAVAMEN LEY 25413 S/DEB;-2.45;;26884474.77
10/01/2023;GRAVAMEN LEY 25413 S/DEB;-2.21;;26884472.56
10/01/2023;GRAVAMEN LEY 25413 S/DEB;-1.14;;26884471.42
10/01/2023;GRAVAMEN LEY 25413 S/DEB;-2.53;;26884468.89
10/01/2023;GRAVAMEN LEY 25413 S/DEB;-2.28;;26884466.61
10/01/2023;GRAVAMEN LEY 25413 S/DEB;-1.11;;26884465.50
10/01/2023;GRAVAMEN LEY 25413 S/DEB;-1.02;;26884464.48
10/01/2023;GRAVAMEN LEY 25413 S/DEB;-1.07;;26884463.41
10/01/2023;GRAVAMEN LEY 25413 S/DEB;-1.71;;26884461.70
10/01/2023;GRAVAMEN LEY 25413 S/DEB;-6.76;;26884454.94
10/01/2023;GRAVAMEN LEY 25413 S/DEB;-1.53;;26884453.41
10/01/2023;TRANSF. FAC 20263505140 AIZA OSCAR HUGO;43104.00;;26395543.15
10/01/2023;TRANSF. VAR 27268224500;8738.00;;26404281.15
10/01/2023;TRANSF. VAR 27284146269 CHOROLQUE  ANDREA C;27970.19;;26432251.34
10/01/2023;TRANSF. VAR 27941054574;29156.00;;26461407.34
10/01/2023;TRANSF. VAR 27948595821;26366.00;;26487773.34
10/01/2023;TRANSF. VAR 27343550842;13568.46;;26501341.80
10/01/2023;TRANSF. FAC 27940846566 MARQUEZ CARDOZO MARGAR;37260.80;;26538602.60
10/01/2023;GRAVAMEN LEY 25413 S/DEB;-2.12;;26884677.90
10/01/2023;GRAVAMEN LEY 25413 S/DEB;-1.27;;26884676.63
10/01/2023;GRAVAMEN LEY 25413 S/DEB;-6.28;;26884670.35
10/01/2023;GRAVAMEN LEY 25413 S/DEB;-17.41;;26884652.94
10/01/2023;GRAVAMEN LEY 25413 S/DEB;-134.51;;26884518.43
10/01/2023;GRAVAMEN LEY 25413 S/DEB;-4.34;;26884449.07
10/01/2023;GRAVAMEN LEY 25413 S/DEB;-2.59;;26884446.48
10/01/2023;GRAVAMEN LEY 25413 S/DEB;-1.24;;26884445.24
10/01/2023;GRAVAMEN LEY 25413 S/DEB;-4.55;;26884440.69
10/01/2023;GRAVAMEN LEY 25413 S/DEB;-4.04;;26884436.65
10/01/2023;GRAVAMEN LEY 25413 S/DEB;-1.95;;26884434.70
10/01/2023;GRAVAMEN LEY 25413 S/DEB;-9.44;;26884425.26
10/01/2023;GRAVAMEN LEY 25413 S/DEB;-0.86;;26884424.40
10/01/2023;GRAVAMEN LEY 25413 S/DEB;-13.44;;26884504.99
10/01/2023;GRAVAMEN LEY 25413 S/DEB;-0.96;;26884504.03
10/01/2023;TRANSF. VAR 27960629707;30110.64;;26568713.24
10/01/2023;TRANSF. VAR 20180845977;27152.00;;26595865.24
10/01/2023;TRANSF. VAR 27272554043;13251.00;;26609116.24
10/01/2023;TRANSF. VAR 27340494224;12167.00;;26621283.24
10/01/2023;GRAVAMEN LEY 25413 S/DEB;-5.11;;26884498.92
10/01/2023;GRAVAMEN LEY 25413 S/DEB;-1.31;;26884497.61
10/01/2023;TRANSF. VAR 23224180349;12694.09;;26633977.33
10/01/2023;TRANSF. VAR 27285212680 SOSA/ROSA BERNABELA;20371.10;;26654348.43
10/01/2023;TRANSF. VAR 27396468293;80517.68;;26734866.11
10/01/2023;TRANSF. FAC 20308236022;-73388.42;;26661477.69
10/01/2023;TRANSF. VAR 20291324607;18204.00;;26679681.69
10/01/2023;TRANSF. FAC 20940661499 MARQUEZ CARDOZO ALDO S;51633.00;;26731314.69
10/01/2023;TRANSF. FAC 20123828349;-66780.86;;26664533.83
10/01/2023;TRANSF. VAR 20243926905;30820.00;;26695353.83
10/01/2023;TRANSF. FAC 27242368296 KNASS MARIANA GRISELDA;14742.31;;26710096.14
10/01/2023;TRANSF. VAR 20259482713;54170.00;;26764266.14
10/01/2023;TRANSF. VAR 27380837973;48084.00;;26812350.14
10/01/2023;TRANSF. FAC 27942361241 APARICIO HUANCA BERTHA;23212.50;;26835562.64
10/01/2023;TRANSF. FAC 23341076714 COLIMEDAGLIA, AGOSTINA;112400.00;;26947962.64
10/01/2023;CR DEBIN SPOT            -LINK;10234.61;;26958197.25
10/01/2023;COMIS.DEB.TRANSF.INTERPYM;-48.00;;26958149.25
10/01/2023;COMIS.DEB.TRANSF.INTERPYM;-48.00;;26958101.25
10/01/2023;I.V.A. BASE;-20.16;;26958081.09
10/01/2023;GRAVAMEN LEY 25413 S/DEB;-418.35;;26957662.74
10/01/2023;GRAVAMEN LEY 25413 S/DEB;-1065.87;;26956596.87
10/01/2023;GRAVAMEN LEY 25413 S/DEB;-515.14;;26956081.73
10/01/2023;GRAVAMEN LEY 25413 S/CRED;-231.52;;26955850.21
10/01/2023;REG.REC.SIRCREB;-540.21;;26955310.00
10/01/2023;GRAVAMEN LEY 25413 S/CRED;-604.48;;26954705.52
10/01/2023;REG.REC.SIRCREB;-1410.45;;26953295.07
10/01/2023;GRAVAMEN LEY 25413 S/CRED;-61.98;;26953233.09
10/01/2023;REG.REC.SIRCREB;-144.62;;26953088.47
10/01/2023;GRAVAMEN LEY 25413 S/CRED;-210.00;;26952878.47
10/01/2023;REG.REC.SIRCREB;-490.00;;26952388.47
10/01/2023;GRAVAMEN LEY 25413 S/CRED;-171.82;;26952216.65
10/01/2023;REG.REC.SIRCREB;-400.92;;26951815.73
10/01/2023;GRAVAMEN LEY 25413 S/CRED;-73.72;;26951742.01
10/01/2023;REG.REC.SIRCREB;-172.02;;26951569.99
10/01/2023;GRAVAMEN LEY 25413 S/CRED;-180.00;;26951389.99
10/01/2023;REG.REC.SIRCREB;-420.00;;26950969.99
10/01/2023;GRAVAMEN LEY 25413 S/CRED;-88.16;;26950881.83
10/01/2023;REG.REC.SIRCREB;-205.70;;26950676.13
10/01/2023;REG.REC.SIRCREB;-212.09;;26945618.03
10/01/2023;GRAVAMEN LEY 25413 S/CRED;-448.45;;26945169.58
10/01/2023;REG.REC.SIRCREB;-1046.39;;26944123.19
10/01/2023;GRAVAMEN LEY 25413 S/CRED;-1243.65;;26942879.54
10/01/2023;REG.REC.SIRCREB;-2901.86;;26939977.68
10/01/2023;GRAVAMEN LEY 25413 S/CRED;-9607.50;;26930370.18
10/01/2023;REG.REC.SIRCREB;-22417.50;;26907952.68
10/01/2023;GRAVAMEN LEY 25413 S/CRED;-959.79;;26906992.89
10/01/2023;REG.REC.SIRCREB;-2239.51;;26904753.38
10/01/2023;GRAVAMEN LEY 25413 S/CRED;-68.90;;26904684.48
10/01/2023;REG.REC.SIRCREB;-160.76;;26904523.72
10/01/2023;GRAVAMEN LEY 25413 S/CRED;-364.98;;26904158.74
10/01/2023;REG.REC.SIRCREB;-851.62;;26903307.12
10/01/2023;GRAVAMEN LEY 25413 S/CRED;-93.72;;26903213.40
10/01/2023;REG.REC.SIRCREB;-218.67;;26902994.73
10/01/2023;GRAVAMEN LEY 25413 S/CRED;-60.00;;26902934.73
10/01/2023;REG.REC.SIRCREB;-140.00;;26902794.73
10/01/2023;GRAVAMEN LEY 25413 S/CRED;-484.20;;26902310.53
10/01/2023;REG.REC.SIRCREB;-1129.81;;26901180.72
10/01/2023;GRAVAMEN LEY 25413 S/CRED;-59.99;;26901120.73
10/01/2023;REG.REC.SIRCREB;-139.97;;26900980.76
10/01/2023;GRAVAMEN LEY 25413 S/CRED;-52.86;;26900927.90
10/01/2023;REG.REC.SIRCREB;-123.34;;26900804.56
10/01/2023;GRAVAMEN LEY 25413 S/CRED;-129.74;;26900674.82
10/01/2023;REG.REC.SIRCREB;-302.74;;26900372.08
10/01/2023;GRAVAMEN LEY 25413 S/CRED;-39.68;;26900332.40
10/01/2023;REG.REC.SIRCREB;-92.60;;26900239.80
10/01/2023;GRAVAMEN LEY 25413 S/CRED;-224.57;;26900015.23
10/01/2023;REG.REC.SIRCREB;-524.00;;26899491.23
10/01/2023;GRAVAMEN LEY 25413 S/CRED;-115.90;;26899375.33
10/01/2023;REG.REC.SIRCREB;-270.44;;26899104.89
10/01/2023;GRAVAMEN LEY 25413 S/CRED;-69.40;;26899035.49
10/01/2023;REG.REC.SIRCREB;-161.93;;26898873.56
10/01/2023;GRAVAMEN LEY 25413 S/CRED;-52.43;;26898821.13
10/01/2023;REG.REC.SIRCREB;-122.33;;26898698.80
10/01/2023;GRAVAMEN LEY 25413 S/CRED;-167.82;;26898530.98
10/01/2023;REG.REC.SIRCREB;-391.58;;26898139.40
10/01/2023;DEP.EFVO.INTERS.         -SUC 3100;1601250.00;;25844909.92
10/01/2023;GRAVAMEN LEY 25413 S/DEB;-0.12;;26884720.58
10/01/2023;GRAVAMEN LEY 25413 S/DEB;-3.24;;26884717.34
10/01/2023;GRAVAMEN LEY 25413 S/DEB;-8.46;;26884708.88
10/01/2023;TRANSF. VAR 23175365869;159965.14;;26004875.06
10/01/2023;TRANSF. FAC 30708754877 PROSUR SA;9953.44;;26014828.50
10/01/2023;TRANSF. VAR 27946435711;11483.00;;26026311.50
10/01/2023;TRANSF. VAR 20954155804;60830.30;;26087141.80
10/01/2023;GRAVAMEN LEY 25413 S/DEB;-0.87;;26884708.01
10/01/2023;GRAVAMEN LEY 25413 S/DEB;-2.94;;26884705.07
10/01/2023;GRAVAMEN LEY 25413 S/DEB;-2.41;;26884702.66
10/01/2023;GRAVAMEN LEY 25413 S/DEB;-1.03;;26884701.63
10/01/2023;GRAVAMEN LEY 25413 S/DEB;-2.52;;26884699.11
10/01/2023;GRAVAMEN LEY 25413 S/DEB;-1.23;;26884697.88
10/01/2023;GRAVAMEN LEY 25413 S/DEB;-17.33;;26884680.55
10/01/2023;GRAVAMEN LEY 25413 S/DEB;-0.53;;26884680.02
10/01/2023;TRANSF. VAR 23943370184;15619.44;;26102761.24
10/01/2023;TRANSF. VAR 20275169634;10000.00;;26112761.24
10/01/2023;TRANSF. VAR 27252249953;80700.48;;26193461.72
10/01/2023;TRANSF. VAR 23293475229;9998.00;;26203459.72
10/01/2023;TRANSF. VAR 20279147724;8810.00;;26212269.72
10/01/2023;TRANSF. FAC 23243612349 OCHOA ADOLFO RAUL;43619.04;;26255888.76
10/01/2023;TRANSF. VAR 27393552927;21624.00;;26277512.76
10/01/2023;TRANSF. VAR 20945628759;6614.00;;26284126.76
10/01/2023;TRANSF. FAC 27326947240 FARIAS  CRISTINA S;37428.85;;26321555.61
10/01/2023;TRANSF. VAR 23315441269;19317.00;;26340872.61
10/01/2023;TRANSF. VAR 27928875909;11566.54;;26352439.15
10/01/2023;TRANSF. 30547242331 MASTELLONE HNOS. S.A.;-69725.26;;23701958.00
10/01/2023;TRANSF. 30500010912 AFIP - DGI - SETI - 2 INTERBA;-177645.04;;23524312.96
10/01/2023;TRANSF. 30501116242 DANONE ARGENTINA S.A.;-85855.90;;23438457.06
10/01/2023;TRANSF. FAC 27299207949 D OLIVO, LORENA PAOLA;38586.27;;23477043.33
10/01/2023;TRANSF. 30715403524 MERCADOS PATAGONICOS S.R.L;100746.60;;23577789.93
10/01/2023;TRANSF. VAR 27228661827;10330.00;;23588119.93
10/01/2023;TRANSF. VAR 20174987182;35000.00;;23623119.93
10/01/2023;GRAVAMEN LEY 25413 S/CRED;-174.94;;26897964.46
10/01/2023;REG.REC.SIRCREB;-408.18;;26897556.28
10/01/2023;GRAVAMEN LEY 25413 S/CRED;-158.20;;26897398.08
10/01/2023;REG.REC.SIRCREB;-369.12;;26897028.96
10/01/2023;GRAVAMEN LEY 25413 S/CRED;-81.41;;26896947.55
10/01/2023;REG.REC.SIRCREB;-189.96;;26896757.59
10/01/2023;GRAVAMEN LEY 25413 S/CRED;-180.66;;26896576.93
10/01/2023;REG.REC.SIRCREB;-421.55;;26896155.38
10/01/2023;GRAVAMEN LEY 25413 S/CRED;-162.91;;26895992.47
10/01/2023;REG.REC.SIRCREB;-380.13;;26895612.34
10/01/2023;TRANSF. VAR 20356009062 CABEZAS JORGE LUIS;28637.43;;23651757.36
10/01/2023;TRANSF. VAR 23936887929;12287.38;;23664044.74
10/01/2023;GRAVAMEN LEY 25413 S/CRED;-79.51;;26895532.83
10/01/2023;REG.REC.SIRCREB;-185.51;;26895347.32
10/01/2023;GRAVAMEN LEY 25413 S/CRED;-73.00;;26895274.32
10/01/2023;REG.REC.SIRCREB;-170.34;;26895103.98
10/01/2023;GRAVAMEN LEY 25413 S/CRED;-76.16;;26895027.82
10/01/2023;REG.REC.SIRCREB;-177.72;;26894850.10
10/01/2023;GRAVAMEN LEY 25413 S/CRED;-122.23;;26894727.87
10/01/2023;REG.REC.SIRCREB;-285.20;;26894442.67
10/01/2023;GRAVAMEN LEY 25413 S/CRED;-483.11;;26893959.56
10/01/2023;REG.REC.SIRCREB;-1127.25;;26892832.31
10/01/2023;GRAVAMEN LEY 25413 S/DEB;-440.33;;26892391.98
10/01/2023;GRAVAMEN LEY 25413 S/CRED;-109.22;;26892282.76
10/01/2023;TRANSF. VAR 20265791221;30000.00;;23694044.74
10/01/2023;TRANSF. VAR 27248100678;14692.66;;23708737.40
10/01/2023;TRANSF. 30714752223 HUARACHI Y VASQUEZ S.H;206303.03;;23915040.43
10/01/2023;TRANSF. VAR 27333687572 GOMEZ, CARLA ESTEFANIA;6272.00;;23921312.43
10/01/2023;TRANSF. VAR 23951099619;25181.00;;23946493.43
10/01/2023;TRANSF. VAR 20446282094;15149.00;;23961642.43
10/01/2023;TRANSF. VAR 20940074887;74742.00;;24036384.43
10/01/2023;REG.REC.SIRCREB;-254.86;;26892027.90
10/01/2023;GRAVAMEN LEY 25413 S/CRED;-309.80;;26891718.10
10/01/2023;REG.REC.SIRCREB;-722.86;;26890995.24
10/01/2023;GRAVAMEN LEY 25413 S/DEB;-400.69;;26890594.55
10/01/2023;GRAVAMEN LEY 25413 S/CRED;-184.92;;26890409.63
10/01/2023;REG.REC.SIRCREB;-431.48;;26889978.15
10/01/2023;GRAVAMEN LEY 25413 S/CRED;-88.45;;26889889.70
10/01/2023;REG.REC.SIRCREB;-206.39;;26889683.31
10/01/2023;GRAVAMEN LEY 25413 S/CRED;-325.02;;26889358.29
10/01/2023;REG.REC.SIRCREB;-758.38;;26888599.91
10/01/2023;GRAVAMEN LEY 25413 S/CRED;-288.50;;26888311.41
10/01/2023;REG.REC.SIRCREB;-673.18;;26887638.23
10/01/2023;GRAVAMEN LEY 25413 S/CRED;-139.28;;26887498.95
10/01/2023;REG.REC.SIRCREB;-324.98;;26887173.97
10/01/2023;GRAVAMEN LEY 25413 S/CRED;-674.40;;26886499.57
10/01/2023;REG.REC.SIRCREB;-1573.60;;26884925.97
10/01/2023;GRAVAMEN LEY 25413 S/CRED;-61.41;;26884864.56
10/01/2023;REG.REC.SIRCREB;-143.28;;26884721.28
10/01/2023;GRAVAMEN LEY 25413 S/DEB;-0.29;;26884720.99
10/01/2023;GRAVAMEN LEY 25413 S/DEB;-0.29;;26884720.70
10/01/2023;TRANSF. FAC 27335783595 HUARACHI JUANA GRACIEL;207275.49;;24243659.92
10/01/2023;GRAVAMEN LEY 25413 S/CRED;-37.63;;26946512.44
10/01/2023;REG.REC.SIRCREB;-87.81;;26946424.63
10/01/2023;GRAVAMEN LEY 25413 S/CRED;-151.09;;26946273.54
10/01/2023;REG.REC.SIRCREB;-352.53;;26945921.01
10/01/2023;GRAVAMEN LEY 25413 S/CRED;-90.89;;26945830.12
09/01/2023;TRANSF. 30658892718 Comisi n Arbitral del Conveni;-24131.54;;31571711.65
09/01/2023;TRANSF. 30658892718 Comisi n Arbitral del Conveni;-420465.02;;31151246.63
09/01/2023;TRANSF. 30643233343 RENTAS/BANCO PCIA BS. AS. INT;-119656.10;;31031590.53
09/01/2023;TRANSF. 30550273558 O.S.E.C.A.C.;-4800.00;;31026790.53
09/01/2023;TRANSF. 30643233343 RENTAS/BANCO PCIA BS. AS. INT;-119185.50;;30907605.03
09/01/2023;TRANSF. VAR 20230397962 COLQUE, LUIS ALBERTO;27749.41;;30935354.44
09/01/2023;TRANSF. VAR 27161226950;5200.00;;30940554.44
09/01/2023;TRANSF. VAR 27237891800;15973.00;;30956527.44
09/01/2023;GRAVAMEN LEY 25413 S/DEB;-0.56;;23771761.69
09/01/2023;REG.REC.SIRCREB;-386.88;;23835145.64
09/01/2023;GRAVAMEN LEY 25413 S/CRED;-152.75;;23834992.89
09/01/2023;REG.REC.SIRCREB;-356.42;;23834636.47
09/01/2023;GRAVAMEN LEY 25413 S/DEB;-144.79;;23834491.68
09/01/2023;GRAVAMEN LEY 25413 S/DEB;-2522.79;;23831968.89
09/01/2023;GRAVAMEN LEY 25413 S/DEB;-717.94;;23831250.95
09/01/2023;GRAVAMEN LEY 25413 S/DEB;-28.80;;23831222.15
09/01/2023;GRAVAMEN LEY 25413 S/DEB;-715.11;;23830507.04
09/01/2023;GRAVAMEN LEY 25413 S/CRED;-166.50;;23830340.54
09/01/2023;REG.REC.SIRCREB;-388.49;;23829952.05
09/01/2023;GRAVAMEN LEY 25413 S/CRED;-31.20;;23829920.85
09/01/2023;REG.REC.SIRCREB;-72.80;;23829848.05
09/01/2023;GRAVAMEN LEY 25413 S/CRED;-95.84;;23829752.21
09/01/2023;REG.REC.SIRCREB;-223.62;;23829528.59
09/01/2023;GRAVAMEN LEY 25413 S/DEB;-45391.55;;23784137.04
09/01/2023;GRAVAMEN LEY 25413 S/CRED;-344.22;;23783792.82
09/01/2023;REG.REC.SIRCREB;-803.17;;23782989.65
09/01/2023;GRAVAMEN LEY 25413 S/DEB;-39.00;;23782950.65
09/01/2023;GRAVAMEN LEY 25413 S/CRED;-1395.89;;23781554.76
09/01/2023;REG.REC.SIRCREB;-3257.09;;23778297.67
09/01/2023;GRAVAMEN LEY 25413 S/CRED;-28.12;;23778269.55
09/01/2023;REG.REC.SIRCREB;-65.61;;23778203.94
09/01/2023;GRAVAMEN LEY 25413 S/CRED;-56.53;;23778147.41
09/01/2023;REG.REC.SIRCREB;-131.89;;23778015.52
09/01/2023;GRAVAMEN LEY 25413 S/CRED;-297.53;;23777717.99
09/01/2023;REG.REC.SIRCREB;-694.23;;23777023.76
09/01/2023;GRAVAMEN LEY 25413 S/CRED;-90.45;;23776933.31
09/01/2023;REG.REC.SIRCREB;-211.05;;23776722.26
09/01/2023;GRAVAMEN LEY 25413 S/CRED;-575.99;;23776146.27
09/01/2023;REG.REC.SIRCREB;-1343.98;;23774802.29
09/01/2023;GRAVAMEN LEY 25413 S/CRED;-243.01;;23774559.28
09/01/2023;REG.REC.SIRCREB;-567.02;;23773992.26
09/01/2023;GRAVAMEN LEY 25413 S/CRED;-157.76;;23773834.50
09/01/2023;REG.REC.SIRCREB;-368.12;;23773466.38
09/01/2023;GRAVAMEN LEY 25413 S/DEB;-0.46;;23773465.92
09/01/2023;GRAVAMEN LEY 25413 S/CRED;-236.70;;23850843.37
09/01/2023;REG.REC.SIRCREB;-552.31;;23850291.06
09/01/2023;GRAVAMEN LEY 25413 S/CRED;-101.41;;23850189.65
09/01/2023;REG.REC.SIRCREB;-236.63;;23849953.02
09/01/2023;GRAVAMEN LEY 25413 S/CRED;-89.66;;23849863.36
09/01/2023;REG.REC.SIRCREB;-209.20;;23849654.16
09/01/2023;GRAVAMEN LEY 25413 S/CRED;-380.28;;23849273.88
09/01/2023;TRANSF. VAR 27242150452;16421.00;;26850340.31
09/01/2023;TRANSF. VAR 27285294393;20000.00;;26870340.31
09/01/2023;TRANSF. FAC 20263539991;7341.81;;26877682.12
09/01/2023;TRANSF. VAR 20174987182;20827.00;;26898509.12
09/01/2023;TRANSF. VAR 20265791221;21620.00;;26920129.12
09/01/2023;TRANSF. VAR 23169263639;54465.00;;26974594.12
09/01/2023;TRANSF. VAR 20323853607;4679.00;;26979273.12
09/01/2023;TRANSF. VAR 27252249953;35941.62;;27015214.74
09/01/2023;TRANSF. FAC 20274321912;8546.00;;27023760.74
09/01/2023;TRANSF. VAR 20149248839;6677.00;;27030437.74
09/01/2023;TRANSF. VAR 27272554043;5830.00;;27036267.74
09/01/2023;TRANSF. VAR 20180845977;48362.00;;27084629.74
09/01/2023;TRANSF. VAR 27228661827;8480.00;;27093109.74
09/01/2023;TRANSF. VAR 20371728717;10000.00;;27103109.74
09/01/2023;TRANSF. VAR 23951099619;24819.00;;27127928.74
09/01/2023;TRANSF. VAR 27146673037;12983.00;;27140911.74
09/01/2023;TRANSF. FAC 27326947240 FARIAS  CRISTINA S;33758.00;;27174669.74
09/01/2023;TRANSF. VAR 27188032546 CASTILLO S  LILIANA;32851.00;;27207520.74
09/01/2023;TRANSF. VAR 27439488277;14608.50;;27222129.24
09/01/2023;TRANSF. FAC 27315918664 LEPORI, CINTIA ANAHI;22319.56;;27244448.80
09/01/2023;TRANSF. VAR 23943370184;21333.00;;27265781.80
09/01/2023;TRANSF. 30715403524 MERCADOS PATAGONICOS S.R.L;182582.63;;27448364.43
09/01/2023;GRAVAMEN LEY 25413 S/DEB;-4.99;;23771762.25
09/01/2023;TRANSF. VAR 27242150452;30113.00;;27478477.43
09/01/2023;DEP.EFVO.INTERS.         -SUC 3100;3119100.00;;30597577.43
09/01/2023;TRANSF. VAR 27928875909;18122.51;;30615699.94
09/01/2023;TRANSF. VAR 20389068382;47016.67;;30662716.61
09/01/2023;TRANSF. VAR 27285294393;20000.00;;30682716.61
09/01/2023;TRANSF. VAR 20260690737;16795.00;;30699511.61
09/01/2023;TRANSF. VAR 20260690737 MOYANO, ANDRES JAVIER;50000.00;;30749511.61
09/01/2023;TRANSF. 30715403524 MERCADOS PATAGONICOS S.R.L;24151.23;;30773662.84
09/01/2023;TRANSF. VAR 30714752223;39450.72;;30813113.56
09/01/2023;TRANSF. VAR 20209857074;16902.33;;30830015.89
09/01/2023;TRANSF. VAR 27941089467 APARICIO HUANCA SANDRA;14942.53;;30844958.42
09/01/2023;TRANSF. FAC 27940846566;63380.57;;30908338.99
09/01/2023;TRANSF. VAR 23943279209 SANDOVAL C  GUIDO;44744.00;;30953082.99
09/01/2023;TRANSF. VAR 27284146269 CHOROLQUE  ANDREA C;10295.20;;30963378.19
09/01/2023;TRANSF. VAR 27941558602;14925.00;;30978303.19
09/01/2023;TRANSF. VAR 27254079060;33623.51;;31011926.70
09/01/2023;TRANSF. VAR 27261218742;13324.00;;31025250.70
09/01/2023;TRANSF. VAR 20190786499;88126.32;;31113377.02
09/01/2023;TRANSF. VAR 23943370184;35402.18;;31148779.20
09/01/2023;TRANSF. VAR 20356009062 CABEZAS JORGE LUIS;9389.94;;31158169.14
09/01/2023;TRANSF. VAR 20313927963;14044.86;;31172214.00
09/01/2023;TRANSF. VAR 20243257442;29536.00;;31201750.00
09/01/2023;TRANSF. VAR 27242725854;39456.00;;31241206.00
09/01/2023;TRANSF. FAC 20940661499 MARQUEZ CARDOZO ALDO S;59461.00;;31300667.00
09/01/2023;TRANSF. VAR 20228351424;6662.00;;31307329.00
09/01/2023;TRANSF. VAR 20436345985;7576.00;;31314905.00
09/01/2023;TRANSF. VAR 27343550842;14748.49;;31329653.49
09/01/2023;TRANSF. VAR 20415276924;8745.00;;31338398.49
09/01/2023;TRANSF. VAR 20187060622;17790.11;;31356188.60
09/01/2023;TRANSF. FAC 27335783595 HUARACHI JUANA GRACIEL;121605.28;;31477793.88
09/01/2023;TRANSF. VAR 27958130770 LUSINDA APARICIO HUANC;41205.00;;31518998.88
09/01/2023;TRANSF. VAR 23315441269;23752.00;;31542750.88
09/01/2023;TRANSF. 30716680769 SG REFRESCOS SRL;27634.00;;31570384.88
09/01/2023;TRANSF. VAR 24227307850;25458.31;;31595843.19
09/01/2023;REG.REC.SIRCREB;-206.48;;23839960.26
09/01/2023;GRAVAMEN LEY 25413 S/CRED;-52.47;;23839907.79
09/01/2023;REG.REC.SIRCREB;-122.43;;23839785.36
09/01/2023;GRAVAMEN LEY 25413 S/CRED;-106.74;;23839678.62
09/01/2023;REG.REC.SIRCREB;-249.06;;23839429.56
09/01/2023;GRAVAMEN LEY 25413 S/CRED;-729.63;;23838699.93
09/01/2023;REG.REC.SIRCREB;-1702.47;;23836997.46
09/01/2023;GRAVAMEN LEY 25413 S/CRED;-247.23;;23836750.23
09/01/2023;REG.REC.SIRCREB;-576.87;;23836173.36
09/01/2023;GRAVAMEN LEY 25413 S/CRED;-142.51;;23836030.85
09/01/2023;REG.REC.SIRCREB;-332.53;;23835698.32
09/01/2023;GRAVAMEN LEY 25413 S/CRED;-165.80;;23835532.52
09/01/2023;GRAVAMEN LEY 25413 S/CRED;-129.72;;23928453.44
09/01/2023;REG.REC.SIRCREB;-302.68;;23928150.76
09/01/2023;GRAVAMEN LEY 25413 S/CRED;-326.79;;23927823.97
09/01/2023;REG.REC.SIRCREB;-762.51;;23927061.46
09/01/2023;GRAVAMEN LEY 25413 S/CRED;-28.07;;23927033.39
09/01/2023;REG.REC.SIRCREB;-65.51;;23926967.88
09/01/2023;GRAVAMEN LEY 25413 S/CRED;-215.65;;23926752.23
09/01/2023;REG.REC.SIRCREB;-503.18;;23926249.05
09/01/2023;GRAVAMEN LEY 25413 S/CRED;-51.28;;23926197.77
09/01/2023;REG.REC.SIRCREB;-119.64;;23926078.13
09/01/2023;GRAVAMEN LEY 25413 S/CRED;-40.06;;23926038.07
09/01/2023;REG.REC.SIRCREB;-93.48;;23925944.59
09/01/2023;GRAVAMEN LEY 25413 S/CRED;-34.98;;23925909.61
09/01/2023;REG.REC.SIRCREB;-81.62;;23925827.99
09/01/2023;GRAVAMEN LEY 25413 S/CRED;-290.17;;23925537.82
09/01/2023;REG.REC.SIRCREB;-677.07;;23924860.75
09/01/2023;GRAVAMEN LEY 25413 S/CRED;-50.88;;23924809.87
09/01/2023;REG.REC.SIRCREB;-118.72;;23924691.15
09/01/2023;GRAVAMEN LEY 25413 S/CRED;-60.00;;23924631.15
09/01/2023;REG.REC.SIRCREB;-140.00;;23924491.15
09/01/2023;GRAVAMEN LEY 25413 S/CRED;-148.91;;23924342.24
09/01/2023;REG.REC.SIRCREB;-347.47;;23923994.77
09/01/2023;GRAVAMEN LEY 25413 S/CRED;-77.90;;23923916.87
09/01/2023;REG.REC.SIRCREB;-181.76;;23923735.11
09/01/2023;GRAVAMEN LEY 25413 S/CRED;-202.55;;23923532.56
09/01/2023;REG.REC.SIRCREB;-472.61;;23923059.95
09/01/2023;GRAVAMEN LEY 25413 S/CRED;-197.11;;23922862.84
09/01/2023;REG.REC.SIRCREB;-459.91;;23922402.93
09/01/2023;GRAVAMEN LEY 25413 S/CRED;-87.65;;23922315.28
09/01/2023;REG.REC.SIRCREB;-204.52;;23922110.76
09/01/2023;GRAVAMEN LEY 25413 S/CRED;-133.92;;23921976.84
09/01/2023;REG.REC.SIRCREB;-312.47;;23921664.37
09/01/2023;GRAVAMEN LEY 25413 S/CRED;-128.00;;23921536.37
09/01/2023;REG.REC.SIRCREB;-298.66;;23921237.71
09/01/2023;GRAVAMEN LEY 25413 S/CRED;-1095.50;;23920142.21
09/01/2023;REG.REC.SIRCREB;-2556.16;;23917586.05
09/01/2023;GRAVAMEN LEY 25413 S/CRED;-180.68;;23917405.37
09/01/2023;REG.REC.SIRCREB;-421.58;;23916983.79
09/01/2023;GRAVAMEN LEY 25413 S/CRED;-18714.60;;23898269.19
09/01/2023;REG.REC.SIRCREB;-43667.40;;23854601.79
09/01/2023;GRAVAMEN LEY 25413 S/CRED;-108.74;;23854493.05
09/01/2023;REG.REC.SIRCREB;-253.72;;23854239.33
09/01/2023;GRAVAMEN LEY 25413 S/CRED;-282.10;;23853957.23
09/01/2023;REG.REC.SIRCREB;-658.23;;23853299.00
09/01/2023;GRAVAMEN LEY 25413 S/CRED;-120.00;;23853179.00
09/01/2023;REG.REC.SIRCREB;-280.00;;23852899.00
09/01/2023;GRAVAMEN LEY 25413 S/CRED;-100.77;;23852798.23
09/01/2023;REG.REC.SIRCREB;-235.13;;23852563.10
09/01/2023;GRAVAMEN LEY 25413 S/CRED;-300.00;;23852263.10
09/01/2023;REG.REC.SIRCREB;-700.00;;23851563.10
09/01/2023;GRAVAMEN LEY 25413 S/CRED;-144.91;;23851418.19
09/01/2023;REG.REC.SIRCREB;-338.12;;23851080.07
09/01/2023;GRAVAMEN LEY 25413 S/CRED;-528.76;;23845519.56
09/01/2023;REG.REC.SIRCREB;-1233.77;;23844285.79
09/01/2023;GRAVAMEN LEY 25413 S/CRED;-212.41;;23844073.38
09/01/2023;REG.REC.SIRCREB;-495.63;;23843577.75
09/01/2023;GRAVAMEN LEY 25413 S/CRED;-56.34;;23843521.41
09/01/2023;REG.REC.SIRCREB;-131.46;;23843389.95
09/01/2023;GRAVAMEN LEY 25413 S/CRED;-84.27;;23843305.68
09/01/2023;REG.REC.SIRCREB;-196.63;;23843109.05
09/01/2023;GRAVAMEN LEY 25413 S/CRED;-177.22;;23842931.83
09/01/2023;REG.REC.SIRCREB;-413.50;;23842518.33
09/01/2023;GRAVAMEN LEY 25413 S/CRED;-236.74;;23842281.59
09/01/2023;REG.REC.SIRCREB;-552.38;;23841729.21
09/01/2023;GRAVAMEN LEY 25413 S/CRED;-356.77;;23841372.44
09/01/2023;GRAVAMEN LEY 25413 S/DEB;-0.73;;23771759.08
09/01/2023;GRAVAMEN LEY 25413 S/DEB;-1.49;;23771757.59
09/01/2023;GRAVAMEN LEY 25413 S/DEB;-10.21;;23771747.38
09/01/2023;GRAVAMEN LEY 25413 S/DEB;-3.46;;23771743.92
09/01/2023;GRAVAMEN LEY 25413 S/DEB;-2.00;;23771741.92
09/01/2023;GRAVAMEN LEY 25413 S/DEB;-2.32;;23771739.60
09/01/2023;GRAVAMEN LEY 25413 S/DEB;-2.14;;23771737.46
09/01/2023;GRAVAMEN LEY 25413 S/DEB;-2.33;;23771735.13
09/01/2023;GRAVAMEN LEY 25413 S/DEB;-0.44;;23771734.69
09/01/2023;GRAVAMEN LEY 25413 S/DEB;-1.34;;23771733.35
09/01/2023;GRAVAMEN LEY 25413 S/DEB;-4.82;;23771728.53
09/01/2023;GRAVAMEN LEY 25413 S/DEB;-19.54;;23771708.99
09/01/2023;GRAVAMEN LEY 25413 S/DEB;-0.39;;23771708.60
09/01/2023;GRAVAMEN LEY 25413 S/DEB;-0.79;;23771707.81
09/01/2023;GRAVAMEN LEY 25413 S/DEB;-4.17;;23771703.64
09/01/2023;GRAVAMEN LEY 25413 S/DEB;-1.27;;23771702.37
09/01/2023;GRAVAMEN LEY 25413 S/DEB;-8.06;;23771694.31
09/01/2023;GRAVAMEN LEY 25413 S/DEB;-3.40;;23771690.91
09/01/2023;GRAVAMEN LEY 25413 S/DEB;-2.21;;23771688.70
09/01/2023;GRAVAMEN LEY 25413 S/DEB;-5.44;;23771683.26
09/01/2023;REG.REC.SIRCREB;-832.45;;23840539.99
09/01/2023;GRAVAMEN LEY 25413 S/CRED;-39.97;;23840500.02
09/01/2023;REG.REC.SIRCREB;-93.27;;23840406.75
09/01/2023;GRAVAMEN LEY 25413 S/CRED;-45.46;;23840361.29
09/01/2023;TRANSF. 30500010912 AFIP - DGI - SETI - 2 INTERBA;-7565257.93;;23391269.51
09/01/2023;TRANSF. VAR 27228661169 VAZQUEZ, ROSSANA CARIN;57369.48;;23448638.99
09/01/2023;TRANSF. 30711130655 I.S.P. GROUP S.R.L.;-6500.00;;23442138.99
09/01/2023;TRANSF. VAR 27427094389;232649.00;;23674787.99
09/01/2023;TRANSF. FAC 20246443166;4686.10;;23679474.09
09/01/2023;TRANSF. VAR 27272554043;9421.00;;23688895.09
09/01/2023;TRANSF. VAR 27228661169 VAZQUEZ, ROSSANA CARIN;49588.10;;23738483.19
09/01/2023;TRANSF. VAR 20340513720;15075.00;;23753558.19
09/01/2023;TRANSF. VAR 27281195722;95998.78;;23849556.97
09/01/2023;TRANSF. VAR 20303394312;40501.42;;23890058.39
09/01/2023;TRANSF. VAR 27347950969;26294.00;;23916352.39
09/01/2023;COMIS.DEB.TRANSF.INTERPYM;-77.00;;23916275.39
09/01/2023;DEBITO DIRECTO AGILNET;-5330.00;;23910945.39
09/01/2023;DEP. CH. 24 HS. BNA;64820.39;;23975765.78
09/01/2023;I.V.A. BASE;-16.17;;23975749.61
09/01/2023;GRAVAMEN LEY 25413 S/DEB;-32710.38;;23943039.23
09/01/2023;GRAVAMEN LEY 25413 S/DEB;-13164.27;;23929874.96
09/01/2023;GRAVAMEN LEY 25413 S/CRED;-98.53;;23929776.43
09/01/2023;REG.REC.SIRCREB;-229.89;;23929546.54
09/01/2023;GRAVAMEN LEY 25413 S/CRED;-120.00;;23929426.54
09/01/2023;REG.REC.SIRCREB;-280.00;;23929146.54
09/01/2023;GRAVAMEN LEY 25413 S/CRED;-44.05;;23929102.49
09/01/2023;REG.REC.SIRCREB;-102.79;;23928999.70
09/01/2023;GRAVAMEN LEY 25413 S/CRED;-124.96;;23928874.74
09/01/2023;REG.REC.SIRCREB;-291.58;;23928583.16
09/01/2023;REG.REC.SIRCREB;-106.06;;23840255.23
09/01/2023;GRAVAMEN LEY 25413 S/CRED;-88.49;;23840166.74
09/01/2023;48HS. BANCOS    000238579;-5451729.89;;29027964.29
09/01/2023;48HS. BANCOS    000238581;-2194044.98;;26833919.31
09/01/2023;GRAVAMEN LEY 25413 S/DEB;-31.98;;23773433.94
09/01/2023;GRAVAMEN LEY 25413 S/CRED;-388.92;;23773045.02
09/01/2023;REG.REC.SIRCREB;-907.49;;23772137.53
09/01/2023;GRAVAMEN LEY 25413 S/DEB;-0.10;;23772137.43
09/01/2023;GRAVAMEN LEY 25413 S/DEB;-1.38;;23772136.05
09/01/2023;GRAVAMEN LEY 25413 S/DEB;-1.68;;23772134.37
09/01/2023;GRAVAMEN LEY 25413 S/DEB;-0.62;;23772133.75
09/01/2023;GRAVAMEN LEY 25413 S/DEB;-0.64;;23771761.05
09/01/2023;GRAVAMEN LEY 25413 S/DEB;-1.75;;23772132.00
09/01/2023;GRAVAMEN LEY 25413 S/DEB;-1.82;;23772130.18
09/01/2023;GRAVAMEN LEY 25413 S/DEB;-4.58;;23772125.60
09/01/2023;GRAVAMEN LEY 25413 S/DEB;-0.39;;23772125.21
09/01/2023;GRAVAMEN LEY 25413 S/DEB;-3.02;;23772122.19
09/01/2023;GRAVAMEN LEY 25413 S/DEB;-0.72;;23772121.47
09/01/2023;GRAVAMEN LEY 25413 S/DEB;-0.56;;23772120.91
09/01/2023;GRAVAMEN LEY 25413 S/DEB;-0.49;;23772120.42
09/01/2023;GRAVAMEN LEY 25413 S/DEB;-4.06;;23772116.36
09/01/2023;GRAVAMEN LEY 25413 S/DEB;-0.71;;23772115.65
09/01/2023;GRAVAMEN LEY 25413 S/DEB;-0.84;;23772114.81
09/01/2023;GRAVAMEN LEY 25413 S/DEB;-2.08;;23772112.73
09/01/2023;GRAVAMEN LEY 25413 S/DEB;-1.09;;23772111.64
09/01/2023;GRAVAMEN LEY 25413 S/DEB;-2.84;;23772108.80
09/01/2023;GRAVAMEN LEY 25413 S/DEB;-2.76;;23772106.04
09/01/2023;GRAVAMEN LEY 25413 S/DEB;-1.23;;23772104.81
09/01/2023;GRAVAMEN LEY 25413 S/DEB;-1.87;;23772102.94
09/01/2023;GRAVAMEN LEY 25413 S/DEB;-1.79;;23772101.15
09/01/2023;GRAVAMEN LEY 25413 S/DEB;-15.34;;23772085.81
09/01/2023;GRAVAMEN LEY 25413 S/DEB;-2.53;;23772083.28
09/01/2023;GRAVAMEN LEY 25413 S/DEB;-262.00;;23771821.28
09/01/2023;GRAVAMEN LEY 25413 S/DEB;-1.52;;23771819.76
09/01/2023;GRAVAMEN LEY 25413 S/DEB;-3.95;;23771815.81
09/01/2023;GRAVAMEN LEY 25413 S/DEB;-1.68;;23771814.13
09/01/2023;GRAVAMEN LEY 25413 S/DEB;-1.41;;23771812.72
09/01/2023;GRAVAMEN LEY 25413 S/DEB;-4.20;;23771808.52
09/01/2023;GRAVAMEN LEY 25413 S/DEB;-2.03;;23771806.49
09/01/2023;GRAVAMEN LEY 25413 S/DEB;-3.31;;23771803.18
09/01/2023;GRAVAMEN LEY 25413 S/DEB;-1.42;;23771801.76
09/01/2023;GRAVAMEN LEY 25413 S/DEB;-1.26;;23771800.50
09/01/2023;GRAVAMEN LEY 25413 S/DEB;-5.32;;23771795.18
09/01/2023;GRAVAMEN LEY 25413 S/DEB;-3.76;;23771791.42
09/01/2023;GRAVAMEN LEY 25413 S/DEB;-0.86;;23771790.56
09/01/2023;GRAVAMEN LEY 25413 S/DEB;-1.25;;23771789.31
09/01/2023;GRAVAMEN LEY 25413 S/DEB;-2.82;;23771786.49
09/01/2023;GRAVAMEN LEY 25413 S/DEB;-1.12;;23771785.37
09/01/2023;GRAVAMEN LEY 25413 S/DEB;-7.40;;23771777.97
09/01/2023;GRAVAMEN LEY 25413 S/DEB;-2.97;;23771775.00
09/01/2023;GRAVAMEN LEY 25413 S/DEB;-0.79;;23771774.21
09/01/2023;GRAVAMEN LEY 25413 S/DEB;-1.18;;23771773.03
09/01/2023;GRAVAMEN LEY 25413 S/DEB;-2.48;;23771770.55
09/01/2023;GRAVAMEN LEY 25413 S/DEB;-3.31;;23771767.24
09/01/2023;GRAVAMEN LEY 25413 S/DEB;-1.24;;23771759.81
09/01/2023;REG.REC.SIRCREB;-887.33;;23848386.55
09/01/2023;GRAVAMEN LEY 25413 S/CRED;-268.46;;23848118.09
09/01/2023;REG.REC.SIRCREB;-626.42;;23847491.67
09/01/2023;GRAVAMEN LEY 25413 S/CRED;-61.77;;23847429.90
09/01/2023;REG.REC.SIRCREB;-144.13;;23847285.77
09/01/2023;GRAVAMEN LEY 25413 S/CRED;-89.55;;23847196.22
09/01/2023;REG.REC.SIRCREB;-208.95;;23846987.27
09/01/2023;GRAVAMEN LEY 25413 S/CRED;-201.74;;23846785.53
09/01/2023;REG.REC.SIRCREB;-470.73;;23846314.80
09/01/2023;GRAVAMEN LEY 25413 S/CRED;-79.94;;23846234.86
09/01/2023;REG.REC.SIRCREB;-186.54;;23846048.32
06/01/2023;GRAVAMEN LEY 25413 S/CRED;-418.15;;34502157.04
06/01/2023;REG.REC.SIRCREB;-975.68;;34501181.36
06/01/2023;GRAVAMEN LEY 25413 S/CRED;-476.92;;34500704.44
06/01/2023;REG.REC.SIRCREB;-1112.82;;34499591.62
06/01/2023;GRAVAMEN LEY 25413 S/CRED;-72.11;;34499519.51
06/01/2023;REG.REC.SIRCREB;-168.25;;34499351.26
06/01/2023;GRAVAMEN LEY 25413 S/CRED;-125.94;;34499225.32
06/01/2023;REG.REC.SIRCREB;-293.86;;34498931.46
06/01/2023;GRAVAMEN LEY 25413 S/CRED;-345.97;;34498585.49
06/01/2023;REG.REC.SIRCREB;-807.25;;34497778.24
06/01/2023;GRAVAMEN LEY 25413 S/CRED;-290.60;;34497487.64
06/01/2023;REG.REC.SIRCREB;-678.07;;34496809.57
06/01/2023;GRAVAMEN LEY 25413 S/CRED;-345.40;;34496464.17
06/01/2023;REG.REC.SIRCREB;-805.94;;34495658.23
06/01/2023;GRAVAMEN LEY 25413 S/CRED;-86.17;;34495572.06
06/01/2023;REG.REC.SIRCREB;-201.07;;34495370.99
06/01/2023;GRAVAMEN LEY 25413 S/CRED;-502.77;;34494868.22
06/01/2023;REG.REC.SIRCREB;-1173.12;;34493695.10
06/01/2023;GRAVAMEN LEY 25413 S/CRED;-521.33;;34493173.77
06/01/2023;REG.REC.SIRCREB;-1216.43;;34491957.34
06/01/2023;GRAVAMEN LEY 25413 S/CRED;-116.01;;34491841.33
06/01/2023;REG.REC.SIRCREB;-270.69;;34491570.64
06/01/2023;GRAVAMEN LEY 25413 S/CRED;-57.78;;34491512.86
06/01/2023;REG.REC.SIRCREB;-134.82;;34491378.04
06/01/2023;GRAVAMEN LEY 25413 S/CRED;-179.18;;34491198.86
06/01/2023;REG.REC.SIRCREB;-418.08;;34490780.78
06/01/2023;GRAVAMEN LEY 25413 S/CRED;-72.88;;34490707.90
06/01/2023;REG.REC.SIRCREB;-170.06;;34490537.84
06/01/2023;GRAVAMEN LEY 25413 S/CRED;-69.48;;34490468.36
06/01/2023;REG.REC.SIRCREB;-162.12;;34490306.24
06/01/2023;GRAVAMEN LEY 25413 S/CRED;-136.13;;34490170.11
06/01/2023;GRAVAMEN LEY 25413 S/CRED;-161.61;;34482179.58
06/01/2023;GRAVAMEN LEY 25413 S/DEB;-5.85;;34479783.34
06/01/2023;REG.REC.SIRCREB;-377.09;;34481802.49
06/01/2023;GRAVAMEN LEY 25413 S/CRED;-60.00;;34481742.49
06/01/2023;REG.REC.SIRCREB;-140.00;;34481602.49
06/01/2023;GRAVAMEN LEY 25413 S/CRED;-360.00;;34481242.49
06/01/2023;REG.REC.SIRCREB;-840.00;;34480402.49
06/01/2023;GRAVAMEN LEY 25413 S/DEB;-0.29;;34480402.20
06/01/2023;GRAVAMEN LEY 25413 S/DEB;-0.29;;34480401.91
06/01/2023;GRAVAMEN LEY 25413 S/DEB;-0.29;;34480401.62
06/01/2023;GRAVAMEN LEY 25413 S/CRED;-135.81;;34480265.81
06/01/2023;REG.REC.SIRCREB;-316.90;;34479948.91
06/01/2023;GRAVAMEN LEY 25413 S/DEB;-0.02;;34479948.89
06/01/2023;GRAVAMEN LEY 25413 S/DEB;-0.19;;34479948.70
06/01/2023;GRAVAMEN LEY 25413 S/DEB;-0.62;;34479948.08
06/01/2023;GRAVAMEN LEY 25413 S/DEB;-3.67;;34479944.41
06/01/2023;GRAVAMEN LEY 25413 S/DEB;-2.80;;34479941.61
06/01/2023;GRAVAMEN LEY 25413 S/DEB;-0.66;;34479940.95
06/01/2023;GRAVAMEN LEY 25413 S/DEB;-1.53;;34479939.42
06/01/2023;GRAVAMEN LEY 25413 S/DEB;-0.34;;34479939.08
06/01/2023;GRAVAMEN LEY 25413 S/DEB;-1.01;;34479938.07
06/01/2023;GRAVAMEN LEY 25413 S/DEB;-1.73;;34479936.34
06/01/2023;GRAVAMEN LEY 25413 S/DEB;-3.27;;34479933.07
06/01/2023;GRAVAMEN LEY 25413 S/DEB;-1.10;;34479931.97
06/01/2023;GRAVAMEN LEY 25413 S/DEB;-4.60;;34479927.37
06/01/2023;GRAVAMEN LEY 25413 S/DEB;-0.36;;34479927.01
06/01/2023;GRAVAMEN LEY 25413 S/DEB;-6.68;;34479776.66
06/01/2023;GRAVAMEN LEY 25413 S/DEB;-1.01;;34479775.65
06/01/2023;GRAVAMEN LEY 25413 S/DEB;-1.76;;34479773.89
06/01/2023;GRAVAMEN LEY 25413 S/DEB;-4.84;;34479769.05
06/01/2023;GRAVAMEN LEY 25413 S/DEB;-4.07;;34479764.98
06/01/2023;GRAVAMEN LEY 25413 S/DEB;-4.84;;34479760.14
06/01/2023;GRAVAMEN LEY 25413 S/DEB;-1.21;;34479758.93
06/01/2023;GRAVAMEN LEY 25413 S/DEB;-7.04;;34479751.89
06/01/2023;GRAVAMEN LEY 25413 S/DEB;-7.30;;34479744.59
06/01/2023;GRAVAMEN LEY 25413 S/DEB;-1.62;;34479742.97
06/01/2023;GRAVAMEN LEY 25413 S/DEB;-0.81;;34479742.16
06/01/2023;GRAVAMEN LEY 25413 S/DEB;-2.51;;34479739.65
06/01/2023;GRAVAMEN LEY 25413 S/DEB;-1.02;;34479738.63
06/01/2023;GRAVAMEN LEY 25413 S/DEB;-0.97;;34479737.66
06/01/2023;GRAVAMEN LEY 25413 S/DEB;-1.91;;34479735.75
06/01/2023;GRAVAMEN LEY 25413 S/DEB;-2.05;;34479733.70
06/01/2023;GRAVAMEN LEY 25413 S/DEB;-5.07;;34479728.63
06/01/2023;GRAVAMEN LEY 25413 S/DEB;-1.21;;34479727.42
06/01/2023;GRAVAMEN LEY 25413 S/DEB;-0.78;;34479726.64
06/01/2023;GRAVAMEN LEY 25413 S/DEB;-10.95;;34479715.69
06/01/2023;GRAVAMEN LEY 25413 S/DEB;-1.35;;34479714.34
06/01/2023;GRAVAMEN LEY 25413 S/DEB;-9.33;;34479705.01
06/01/2023;GRAVAMEN LEY 25413 S/DEB;-0.79;;34479704.22
06/01/2023;GRAVAMEN LEY 25413 S/DEB;-2.26;;34479701.96
06/01/2023;GRAVAMEN LEY 25413 S/DEB;-0.84;;34479701.12
06/01/2023;GRAVAMEN LEY 25413 S/DEB;-5.04;;34479696.08
06/01/2023;GRAVAMEN LEY 25413 S/DEB;-1.90;;34479694.18
06/01/2023;REG.REC.SIRCREB;-1059.04;;34504351.13
06/01/2023;GRAVAMEN LEY 25413 S/CRED;-83.28;;34504267.85
06/01/2023;REG.REC.SIRCREB;-194.32;;34504073.53
06/01/2023;GRAVAMEN LEY 25413 S/CRED;-96.72;;34503976.81
06/01/2023;REG.REC.SIRCREB;-225.68;;34503751.13
06/01/2023;GRAVAMEN LEY 25413 S/CRED;-135.69;;34503615.44
06/01/2023;REG.REC.SIRCREB;-316.61;;34503298.83
06/01/2023;GRAVAMEN LEY 25413 S/CRED;-145.09;;34503153.74
06/01/2023;REG.REC.SIRCREB;-338.55;;34502815.19
06/01/2023;GRAVAMEN LEY 25413 S/CRED;-72.00;;34502743.19
06/01/2023;REG.REC.SIRCREB;-168.00;;34502575.19
06/01/2023;TRANSF. VAR 20317960477;75646.00;;33256248.36
06/01/2023;TRANSF. FAC 27188961032 ABAN CASTRO TEODORA PA;47838.45;;33304086.81
06/01/2023;TRANSF. VAR 20219189770;13880.00;;33317966.81
06/01/2023;TRANSF. VAR 27190503912;16120.00;;33334086.81
06/01/2023;TRANSF. VAR 27242150452;22615.00;;33356701.81
06/01/2023;TRANSF. VAR 27949215194;24182.00;;33380883.81
06/01/2023;TRANSF. VAR 20291324607;12000.00;;33392883.81
06/01/2023;CR. TR. FACTURAS-FAC     -SUC 0001;69691.58;;33462575.39
06/01/2023;TRANSF. FAC 30708754877 PROSUR SA;4984.94;;33467560.33
06/01/2023;TRANSF. VAR 23951099619;79487.00;;33547047.33
06/01/2023;TRANSF. VAR 27254079060;12017.78;;33559065.11
06/01/2023;TRANSF. VAR 27261218742;20990.00;;33580055.11
06/01/2023;TRANSF. VAR 23943370184;57661.00;;33637716.11
06/01/2023;TRANSF. 30715403524 MERCADOS PATAGONICOS S.R.L;48433.48;;33686149.59
06/01/2023;TRANSF. VAR 27958130770 LUSINDA APARICIO HUANC;57567.00;;33743716.59
06/01/2023;TRANSF. VAR 27146673037;14362.00;;33758078.59
06/01/2023;TRANSF. 30717832325 BARRANQUERO SAS;83794.58;;33841873.17
06/01/2023;TRANSF. FAC 27326947240 FARIAS  CRISTINA S;86887.53;;33928760.70
06/01/2023;TRANSF. VAR 20213841875;19335.04;;33948095.74
06/01/2023;TRANSF. VAR 20944418815;9630.00;;33957725.74
06/01/2023;TRANSF. VAR 27272554043;29863.00;;33987588.74
06/01/2023;TRANSF. VAR 27960919012;12147.00;;33999735.74
06/01/2023;TRANSF. VAR 27300748142;11580.22;;34011315.96
06/01/2023;TRANSF. VAR 20230397962 COLQUE, LUIS ALBERTO;22688.74;;34034004.70
06/01/2023;TRANSF. VAR 27950168167;24431.00;;34058435.70
06/01/2023;TRANSF. VAR 23252248684;60401.21;;34118836.91
06/01/2023;TRANSF. VAR 20411146856;14427.29;;34133264.20
06/01/2023;TRANSF. VAR 27333765395;9333.76;;34142597.96
06/01/2023;TRANSF. VAR 27281195722;130389.56;;34272987.52
06/01/2023;TRANSF. VAR 23225764689 PETROLANDA, RAMIRO AND;16103.00;;34289090.52
06/01/2023;TRANSF. VAR 23224180349;111125.00;;34400215.52
06/01/2023;TRANSF. VAR 20950063344 BALDIVIEZO VENTURA SAN;16949.00;;34417164.52
06/01/2023;TRANSF. VAR 20954560245 MARTINEZ B  DAVID;9353.42;;34426517.94
06/01/2023;TRANSF. FAC 20055166324;26935.00;;34453452.94
06/01/2023;TRANSF. VAR 27945534104;10000.00;;34463452.94
06/01/2023;TRANSF. VAR 20325649713;60000.00;;34523452.94
06/01/2023;COMIS.DEB.TRANSF.INTERPYM;-48.00;;34523404.94
06/01/2023;COMIS.DEB.TRANSF.INTERPYM;-48.00;;34523356.94
06/01/2023;REG.REC.SIRCREB;-342.03;;34489363.85
06/01/2023;GRAVAMEN LEY 25413 S/DEB;-6.69;;34479920.32
06/01/2023;GRAVAMEN LEY 25413 S/DEB;-2.38;;34479917.94
06/01/2023;GRAVAMEN LEY 25413 S/DEB;-1.47;;34479916.47
06/01/2023;GRAVAMEN LEY 25413 S/DEB;-0.69;;34479915.78
06/01/2023;GRAVAMEN LEY 25413 S/DEB;-112.78;;34479803.00
06/01/2023;GRAVAMEN LEY 25413 S/DEB;-6.35;;34479796.65
06/01/2023;GRAVAMEN LEY 25413 S/DEB;-1.17;;34479795.48
06/01/2023;GRAVAMEN LEY 25413 S/DEB;-1.35;;34479794.13
06/01/2023;GRAVAMEN LEY 25413 S/DEB;-1.90;;34479792.23
06/01/2023;GRAVAMEN LEY 25413 S/DEB;-2.03;;34479790.20
06/01/2023;GRAVAMEN LEY 25413 S/DEB;-1.01;;34479789.19
06/01/2023;GRAVAMEN LEY 25413 S/CRED;-362.41;;34489001.44
06/01/2023;REG.REC.SIRCREB;-845.62;;34488155.82
06/01/2023;GRAVAMEN LEY 25413 S/CRED;-86.56;;34488069.26
06/01/2023;REG.REC.SIRCREB;-201.98;;34487867.28
06/01/2023;GRAVAMEN LEY 25413 S/CRED;-56.00;;34487811.28
06/01/2023;REG.REC.SIRCREB;-130.67;;34487680.61
06/01/2023;GRAVAMEN LEY 25413 S/CRED;-782.34;;34486898.27
06/01/2023;REG.REC.SIRCREB;-1825.45;;34485072.82
06/01/2023;GRAVAMEN LEY 25413 S/CRED;-96.62;;34484976.20
06/01/2023;REG.REC.SIRCREB;-225.44;;34484750.76
06/01/2023;GRAVAMEN LEY 25413 S/CRED;-666.75;;34484084.01
06/01/2023;REG.REC.SIRCREB;-1555.75;;34482528.26
06/01/2023;GRAVAMEN LEY 25413 S/CRED;-56.12;;34482472.14
06/01/2023;REG.REC.SIRCREB;-130.95;;34482341.19
06/01/2023;TRANSF. VAR 27936885026 VELARDE LARA, EDELFRID;7393.35;;32346771.28
06/01/2023;COMIS.DEB.TRANSF.INTERPYM;-48.00;;34523308.94
06/01/2023;CAM.FED.DIST.PZA. O/BCOS.;22635.81;;34545944.75
06/01/2023;COM ECH CANJE O/BANCOS;-4.00;;34545940.75
06/01/2023;I.V.A. BASE;-31.08;;34545909.67
06/01/2023;GRAVAMEN LEY 25413 S/CRED;-44.36;;34545865.31
06/01/2023;REG.REC.SIRCREB;-103.51;;34545761.80
06/01/2023;GRAVAMEN LEY 25413 S/DEB;-1937.82;;34543823.98
06/01/2023;GRAVAMEN LEY 25413 S/DEB;-1662.68;;34542161.30
06/01/2023;GRAVAMEN LEY 25413 S/DEB;-1758.22;;34540403.08
06/01/2023;GRAVAMEN LEY 25413 S/CRED;-261.85;;34540141.23
06/01/2023;REG.REC.SIRCREB;-610.97;;34539530.26
06/01/2023;TRANSF. 20248207672 QUIROGA ROBERTO MAXIMILIANO;-322970.62;;32023800.66
06/01/2023;GRAVAMEN LEY 25413 S/CRED;-199.75;;34539330.51
06/01/2023;REG.REC.SIRCREB;-466.08;;34538864.43
06/01/2023;GRAVAMEN LEY 25413 S/CRED;-47.49;;34538816.94
06/01/2023;REG.REC.SIRCREB;-110.81;;34538706.13
06/01/2023;GRAVAMEN LEY 25413 S/CRED;-109.40;;34538596.73
06/01/2023;REG.REC.SIRCREB;-255.26;;34538341.47
06/01/2023;GRAVAMEN LEY 25413 S/CRED;-24.16;;34538317.31
06/01/2023;REG.REC.SIRCREB;-56.36;;34538260.95
06/01/2023;GRAVAMEN LEY 25413 S/CRED;-72.17;;34538188.78
06/01/2023;REG.REC.SIRCREB;-168.41;;34538020.37
06/01/2023;GRAVAMEN LEY 25413 S/CRED;-123.73;;34537896.64
06/01/2023;REG.REC.SIRCREB;-288.69;;34537607.95
06/01/2023;GRAVAMEN LEY 25413 S/CRED;-233.29;;34537374.66
06/01/2023;REG.REC.SIRCREB;-544.35;;34536830.31
06/01/2023;TRANSF. 20273774468 CORNEJO SERGIO ANDRES;-277112.50;;31746688.16
06/01/2023;TRANSF. 20298267587 CASTILLO RODRIGO GASTON;-293037.07;;31453651.09
06/01/2023;TRANSF. VAR 20243257442;43641.00;;31497292.09
06/01/2023;TRANSF. VAR 20213841875;33291.23;;31530583.32
06/01/2023;TRANSF. VAR 20209857074;7914.87;;31538498.19
06/01/2023;TRANSF. VAR 20260690737 MOYANO, ANDRES JAVIER;18233.00;;31556731.19
06/01/2023;TRANSF. VAR 27286162806;4026.00;;31560757.19
06/01/2023;TRANSF. VAR 20370556513 PALOMEQUE, MICAEL;12029.00;;31572786.19
06/01/2023;GRAVAMEN LEY 25413 S/CRED;-78.26;;34536752.05
06/01/2023;REG.REC.SIRCREB;-182.61;;34536569.44
06/01/2023;GRAVAMEN LEY 25413 S/CRED;-328.55;;34536240.89
06/01/2023;REG.REC.SIRCREB;-766.62;;34535474.27
06/01/2023;GRAVAMEN LEY 25413 S/CRED;-25.59;;34535448.68
06/01/2023;REG.REC.SIRCREB;-59.71;;34535388.97
06/01/2023;GRAVAMEN LEY 25413 S/CRED;-478.13;;34534910.84
06/01/2023;REG.REC.SIRCREB;-1115.63;;34533795.21
06/01/2023;GRAVAMEN LEY 25413 S/CRED;-169.91;;34533625.30
06/01/2023;REG.REC.SIRCREB;-396.45;;34533228.85
06/01/2023;GRAVAMEN LEY 25413 S/CRED;-104.83;;34533124.02
06/01/2023;REG.REC.SIRCREB;-244.61;;34532879.41
06/01/2023;GRAVAMEN LEY 25413 S/CRED;-49.01;;34532830.40
06/01/2023;REG.REC.SIRCREB;-114.35;;34532716.05
06/01/2023;GRAVAMEN LEY 25413 S/CRED;-8055.60;;34524660.45
06/01/2023;REG.REC.SIRCREB;-18796.40;;34505864.05
06/01/2023;GRAVAMEN LEY 25413 S/CRED;-453.88;;34505410.17
06/01/2023;TRANSF. VAR 27240852166;20621.00;;31593407.19
06/01/2023;REG.REC.SIRCREB;-317.64;;34489852.47
06/01/2023;TRANSF. VAR 27311734402;38882.00;;31632289.19
06/01/2023;TRANSF. VAR 27439488277;13043.66;;31645332.85
06/01/2023;TRANSF. FAC 20281196341 LAMAS FRANCO RENEE;54758.80;;31700091.65
06/01/2023;TRANSF. VAR 27376055324;4265.00;;31704356.65
06/01/2023;TRANSF. VAR 20190786499;79687.58;;31784044.23
06/01/2023;GRAVAMEN LEY 25413 S/CRED;-146.59;;34489705.88
06/01/2023;TRANSF. VAR 23940898749;28318.00;;31812362.23
06/01/2023;TRANSF. VAR 27250067602;17472.13;;31829834.36
06/01/2023;TRANSF. VAR 27161226950;8168.00;;31838002.36
06/01/2023;DEP.EFVO.INTERS.         -SUC 3100;1342600.00;;33180602.36
05/01/2023;COMIS.DEB.TRANSF.INTERPYM;-48.00;;32510956.87
05/01/2023;COMIS.DEB.TRANSF.INTERPYM;-48.00;;32510908.87
05/01/2023;COMIS.DEB.TRANSF.INTERPYM;-48.00;;32510860.87
05/01/2023;COMIS.DEB.TRANSF.INTERPYM;-48.00;;32510812.87
05/01/2023;TRANSF. VAR 27960629707;14943.31;;44019865.35
05/01/2023;TRANSF. 27186106119 LEON MARIA DE LOS ANGELES;-294919.84;;43724945.51
05/01/2023;COMIS.DEB.TRANSF.INTERPYM;-48.00;;32510764.87
05/01/2023;COMIS.DEB.TRANSF.INTERPYM;-48.00;;32510716.87
05/01/2023;COMIS.DEB.TRANSF.INTERPYM;-48.00;;32510668.87
05/01/2023;COMIS.DEB.TRANSF.INTERPYM;-48.00;;32510620.87
05/01/2023;COMIS.DEB.TRANSF.INTERPYM;-48.00;;32510572.87
05/01/2023;COMIS.DEB.TRANSF.INTERPYM;-48.00;;32510524.87
05/01/2023;COMIS.DEB.TRANSF.INTERPYM;-48.00;;32510476.87
05/01/2023;COMIS.DEB.TRANSF.INTERPYM;-48.00;;32510428.87
05/01/2023;COMIS.DEB.TRANSF.INTERPYM;-48.00;;32510380.87
05/01/2023;TRANSF. 20227309440 GUASQUIFIL CARLOS ALBERTO;-209929.26;;43515016.25
05/01/2023;TRANSF. 20176937883 VELO CARLOS ALBERTO;-320153.42;;43194862.83
05/01/2023;TRANSF. 23229250639 MORIAMEZ MAURICIO OSCAR;-316318.69;;42878544.14
05/01/2023;TRANSF. 20298265037 DIETZ CARLOS ALBERTO;-532135.73;;42346408.41
05/01/2023;TRANSF. 20229790790 BARRA GABRIEL MARIO;-306523.14;;42039885.27
05/01/2023;TRANSF. 20200453345 GONZALEZ MARCELO DANIEL;-241148.44;;41798736.83
05/01/2023;TRANSF. 20175457047 GIMENEZ SANDRO GUILLERMO;-224433.50;;41574303.33
05/01/2023;TRANSF. 30708521635 BOGS SA;-791173.10;;43895310.46
05/01/2023;TRANSF. VAR 27333765395 DEVIA/CAROLINA B;21490.75;;43916801.21
05/01/2023;TRANSF. VAR 27268224500;10685.00;;43927486.21
05/01/2023;TRANSF. VAR 20187060622;36870.00;;43964356.21
05/01/2023;TRANSF. FAC 27315918664 LEPORI, CINTIA ANAHI;40565.83;;44004922.04
05/01/2023;GRAVAMEN LEY 25413 S/DEB;-2196.82;;32376827.17
05/01/2023;REG.REC.SIRCREB;-845.68;;32437854.40
05/01/2023;GRAVAMEN LEY 25413 S/CRED;-76.00;;32437778.40
05/01/2023;REG.REC.SIRCREB;-177.34;;32437601.06
05/01/2023;GRAVAMEN LEY 25413 S/DEB;-2248.11;;32374579.06
05/01/2023;GRAVAMEN LEY 25413 S/CRED;-181.66;;32437419.40
05/01/2023;REG.REC.SIRCREB;-423.88;;32436995.52
05/01/2023;GRAVAMEN LEY 25413 S/CRED;-61.68;;32436933.84
05/01/2023;REG.REC.SIRCREB;-143.92;;32436789.92
05/01/2023;GRAVAMEN LEY 25413 S/CRED;-93.89;;32436696.03
05/01/2023;REG.REC.SIRCREB;-219.07;;32436476.96
05/01/2023;GRAVAMEN LEY 25413 S/CRED;-123.87;;32436353.09
05/01/2023;REG.REC.SIRCREB;-289.02;;32436064.07
05/01/2023;GRAVAMEN LEY 25413 S/CRED;-32.89;;32436031.18
05/01/2023;REG.REC.SIRCREB;-76.75;;32435954.43
05/01/2023;GRAVAMEN LEY 25413 S/CRED;-85.80;;32435868.63
05/01/2023;GRAVAMEN LEY 25413 S/DEB;-2891.39;;32371687.67
05/01/2023;GRAVAMEN LEY 25413 S/DEB;-2540.16;;32369147.51
05/01/2023;GRAVAMEN LEY 25413 S/DEB;-1814.63;;32367332.88
05/01/2023;GRAVAMEN LEY 25413 S/DEB;-3108.71;;32364224.17
05/01/2023;GRAVAMEN LEY 25413 S/DEB;-1410.79;;32362813.38
05/01/2023;GRAVAMEN LEY 25413 S/DEB;-1694.05;;32361119.33
05/01/2023;GRAVAMEN LEY 25413 S/DEB;-2284.76;;32358834.57
05/01/2023;GRAVAMEN LEY 25413 S/DEB;-2067.88;;32356766.69
05/01/2023;GRAVAMEN LEY 25413 S/DEB;-1746.75;;32355019.94
05/01/2023;REG.REC.SIRCREB;-200.20;;32435668.43
05/01/2023;GRAVAMEN LEY 25413 S/CRED;-254.20;;32435414.23
05/01/2023;REG.REC.SIRCREB;-593.12;;32434821.11
05/01/2023;GRAVAMEN LEY 25413 S/CRED;-291.46;;32434529.65
05/01/2023;REG.REC.SIRCREB;-680.07;;32433849.58
05/01/2023;GRAVAMEN LEY 25413 S/DEB;-1594.37;;32432255.21
05/01/2023;GRAVAMEN LEY 25413 S/DEB;-1675.43;;32430579.78
05/01/2023;GRAVAMEN LEY 25413 S/DEB;-3085.31;;32427494.47
05/01/2023;GRAVAMEN LEY 25413 S/DEB;-5666.67;;32421827.80
05/01/2023;GRAVAMEN LEY 25413 S/DEB;-1188.98;;32420638.82
05/01/2023;GRAVAMEN LEY 25413 S/DEB;-4747.04;;32415891.78
05/01/2023;GRAVAMEN LEY 25413 S/CRED;-128.94;;32415762.84
05/01/2023;REG.REC.SIRCREB;-300.87;;32415461.97
05/01/2023;GRAVAMEN LEY 25413 S/CRED;-64.11;;32415397.86
05/01/2023;REG.REC.SIRCREB;-149.59;;32415248.27
05/01/2023;GRAVAMEN LEY 25413 S/CRED;-221.22;;32415027.05
05/01/2023;REG.REC.SIRCREB;-516.18;;32414510.87
05/01/2023;GRAVAMEN LEY 25413 S/CRED;-243.39;;32414267.48
05/01/2023;REG.REC.SIRCREB;-567.92;;32413699.56
05/01/2023;GRAVAMEN LEY 25413 S/CRED;-89.66;;32413609.90
05/01/2023;REG.REC.SIRCREB;-209.21;;32413400.69
05/01/2023;GRAVAMEN LEY 25413 S/DEB;-1769.52;;32411631.17
05/01/2023;GRAVAMEN LEY 25413 S/DEB;-1259.58;;32410371.59
05/01/2023;GRAVAMEN LEY 25413 S/DEB;-1920.92;;32408450.67
05/01/2023;GRAVAMEN LEY 25413 S/DEB;-1897.91;;32406552.76
05/01/2023;GRAVAMEN LEY 25413 S/DEB;-3192.81;;32403359.95
05/01/2023;GRAVAMEN LEY 25413 S/DEB;-1839.14;;32401520.81
05/01/2023;GRAVAMEN LEY 25413 S/DEB;-1446.89;;32400073.92
05/01/2023;COMIS.DEB.TRANSF.INTERPYM;-48.00;;32511244.87
05/01/2023;COMIS.DEB.TRANSF.INTERPYM;-48.00;;32511196.87
05/01/2023;COMIS.DEB.TRANSF.INTERPYM;-48.00;;32511148.87
05/01/2023;COMIS.DEB.TRANSF.INTERPYM;-48.00;;32511100.87
05/01/2023;COMIS.DEB.TRANSF.INTERPYM;-48.00;;32511052.87
05/01/2023;COMIS.DEB.TRANSF.INTERPYM;-48.00;;32511004.87
05/01/2023;GRAVAMEN LEY 25413 S/DEB;-1.81;;32339401.53
05/01/2023;GRAVAMEN LEY 25413 S/DEB;-0.90;;32339400.63
05/01/2023;GRAVAMEN LEY 25413 S/DEB;-3.10;;32339397.53
05/01/2023;GRAVAMEN LEY 25413 S/DEB;-3.41;;32339394.12
05/01/2023;GRAVAMEN LEY 25413 S/DEB;-1.26;;32339392.86
05/01/2023;GRAVAMEN LEY 25413 S/DEB;-0.61;;32339392.25
05/01/2023;GRAVAMEN LEY 25413 S/DEB;-2.51;;32339389.74
05/01/2023;TRANSF. FAC 27940846566;20383.00;;32468151.53
05/01/2023;TRANSF. FAC 27242368296 KNASS MARIANA GRISELDA;12476.58;;32480628.11
05/01/2023;TRANSF. VAR 27952072671;18771.81;;32499399.92
05/01/2023;CR DEBIN SPOT            -LINK;12938.95;;32512338.87
05/01/2023;COMIS.DEB.TRANSF.INTERPYM;-48.00;;32512290.87
05/01/2023;COMIS.DEB.TRANSF.INTERPYM;-66.00;;32512224.87
05/01/2023;COMIS.DEB.TRANSF.INTERPYM;-48.00;;32512176.87
05/01/2023;TRANSF. FAC 20187727430 PETROLANDA  GONZALO;28889.00;;43258348.95
05/01/2023;TRANSF. FAC 27335783595 HUARACHI JUANA GRACIEL;147919.13;;43406268.08
05/01/2023;TRANSF. VAR 27928875909;13562.02;;43419830.10
05/01/2023;TRANSF. VAR 20940074887;17884.00;;43437714.10
05/01/2023;TRANSF. 30714752223 HUARACHI Y VASQUEZ S.H;166906.29;;43604620.39
05/01/2023;TRANSF. VAR 20356009062 CABEZAS JORGE LUIS;15158.12;;43619778.51
05/01/2023;TRANSF. FAC 23243612349 OCHOA ADOLFO RAUL;13961.93;;43633740.44
05/01/2023;TRANSF. FAC 23243612349 OCHOA ADOLFO RAUL;15053.49;;43648793.93
05/01/2023;TRANSF. VAR 20175375407;9600.00;;43658393.93
05/01/2023;TRANSF. VAR 20279147724;11292.00;;43669685.93
05/01/2023;TRANSF. VAR 27160872441;4600.00;;43674285.93
05/01/2023;CR. TR. FACTURAS-FAC     -SUC 0001;463716.58;;44138002.51
05/01/2023;TRANSF. FAC 27335374849;92558.15;;44230560.66
05/01/2023;TRANSF. VAR 20323853607;10780.00;;44241340.66
05/01/2023;TRANSF. VAR 27254020171 BRUNO ESQUER  MARIA;75666.00;;44317006.66
05/01/2023;DEP.EFVO.INTERS.         -SUC 3100;2241600.00;;46558606.66
05/01/2023;TRANSF. VAR 20174987182;30000.00;;46588606.66
05/01/2023;TRANSF. VAR 27284146269 CHOROLQUE  ANDREA C;20347.03;;46608953.69
05/01/2023;TRANSF. VAR 27170676659;18675.00;;46627628.69
05/01/2023;TRANSF. VAR 27252249953;60405.75;;46688034.44
05/01/2023;TRANSF. VAR 27228661827;12667.00;;46700701.44
05/01/2023;TRANSF. VAR 20349587913;30277.00;;46730978.44
05/01/2023;TRANSF. VAR 27236388595;10279.74;;46741258.18
05/01/2023;TRANSF. VAR 27272554043;15648.00;;46756906.18
05/01/2023;TRANSF. VAR 27253380476 GROSSO, ROSANA YANINA;20644.50;;46777550.68
05/01/2023;TRANSF. VAR 20149796860;5481.85;;46783032.53
05/01/2023;TRANSF. VAR 27227480594;14300.00;;46797332.53
05/01/2023;TRANSF. VAR 20243926905;42366.00;;46839698.53
05/01/2023;TRANSF. VAR 20954465447 ESCALERA FERNANDEZ, MI;48576.77;;46888275.30
05/01/2023;COMIS.DEB.TRANSF.INTERPYM;-48.00;;32512128.87
05/01/2023;COMIS.DEB.TRANSF.INTERPYM;-48.00;;32512080.87
05/01/2023;COMIS.DEB.TRANSF.INTERPYM;-48.00;;32512032.87
05/01/2023;COMIS.DEB.TRANSF.INTERPYM;-48.00;;32511984.87
05/01/2023;COMIS.DEB.TRANSF.INTERPYM;-77.00;;32511907.87
05/01/2023;COMIS.DEB.TRANSF.INTERPYM;-77.00;;32511830.87
05/01/2023;COMIS.DEB.TRANSF.INTERPYM;-77.00;;32511753.87
05/01/2023;COMIS.DEB.TRANSF.INTERPYM;-77.00;;32511676.87
05/01/2023;COMIS.DEB.TRANSF.INTERPYM;-48.00;;32511628.87
05/01/2023;COMIS.DEB.TRANSF.INTERPYM;-48.00;;32511580.87
05/01/2023;COMIS.DEB.TRANSF.INTERPYM;-48.00;;32511532.87
05/01/2023;COMIS.DEB.TRANSF.INTERPYM;-48.00;;32511484.87
05/01/2023;COMIS.DEB.TRANSF.INTERPYM;-48.00;;32511436.87
05/01/2023;COMIS.DEB.TRANSF.INTERPYM;-48.00;;32511388.87
05/01/2023;COMIS.DEB.TRANSF.INTERPYM;-48.00;;32511340.87
05/01/2023;COMIS.DEB.TRANSF.INTERPYM;-48.00;;32511292.87
05/01/2023;TRANSF. 30501116242 DANONE ARGENTINA S.A.;-265727.78;;46622547.52
05/01/2023;TRANSF. 30547242331 MASTELLONE HNOS. S.A.;-279238.62;;46343308.90
05/01/2023;TRANSF. 30661383034 LACTEOS BARRAZA SA;-514218.10;;45829090.80
05/01/2023;TRANSF. 30708521635 BOGS SA;-944444.52;;44884646.28
05/01/2023;TRANSF. 30661383034 LACTEOS BARRAZA SA;-198162.72;;44686483.56
05/01/2023;GRAVAMEN LEY 25413 S/DEB;-0.29;;32339733.42
05/01/2023;GRAVAMEN LEY 25413 S/DEB;-0.29;;32339733.13
05/01/2023;GRAVAMEN LEY 25413 S/DEB;-0.29;;32339732.84
05/01/2023;GRAVAMEN LEY 25413 S/DEB;-0.29;;32339732.55
05/01/2023;GRAVAMEN LEY 25413 S/DEB;-0.29;;32339732.26
05/01/2023;GRAVAMEN LEY 25413 S/DEB;-0.29;;32339731.97
05/01/2023;GRAVAMEN LEY 25413 S/DEB;-0.29;;32339731.68
05/01/2023;GRAVAMEN LEY 25413 S/DEB;-0.29;;32339731.39
05/01/2023;GRAVAMEN LEY 25413 S/DEB;-0.29;;32339731.10
05/01/2023;GRAVAMEN LEY 25413 S/DEB;-0.29;;32339730.81
05/01/2023;GRAVAMEN LEY 25413 S/DEB;-0.29;;32339730.52
05/01/2023;GRAVAMEN LEY 25413 S/DEB;-0.29;;32339730.23
05/01/2023;GRAVAMEN LEY 25413 S/DEB;-0.29;;32339729.94
05/01/2023;GRAVAMEN LEY 25413 S/DEB;-0.29;;32339729.65
05/01/2023;GRAVAMEN LEY 25413 S/DEB;-0.29;;32339729.36
05/01/2023;GRAVAMEN LEY 25413 S/DEB;-1.05;;32339380.60
05/01/2023;GRAVAMEN LEY 25413 S/DEB;-1.58;;32339379.02
05/01/2023;GRAVAMEN LEY 25413 S/DEB;-1.09;;32339377.93
05/01/2023;TRANSF. VAR 30715403524;85210.40;;43229459.95
05/01/2023;GRAVAMEN LEY 25413 S/DEB;-0.29;;32339729.07
05/01/2023;GRAVAMEN LEY 25413 S/DEB;-0.29;;32339728.78
05/01/2023;GRAVAMEN LEY 25413 S/DEB;-0.29;;32339728.49
05/01/2023;GRAVAMEN LEY 25413 S/DEB;-0.29;;32339728.20
05/01/2023;GRAVAMEN LEY 25413 S/DEB;-0.29;;32339727.91
05/01/2023;GRAVAMEN LEY 25413 S/DEB;-9.87;;32339718.04
05/01/2023;GRAVAMEN LEY 25413 S/DEB;-2.65;;32339715.39
05/01/2023;GRAVAMEN LEY 25413 S/DEB;-7.16;;32339708.23
05/01/2023;GRAVAMEN LEY 25413 S/DEB;-2.43;;32339705.80
05/01/2023;GRAVAMEN LEY 25413 S/DEB;-12.43;;32339693.37
05/01/2023;GRAVAMEN LEY 25413 S/DEB;-1.14;;32339692.23
05/01/2023;GRAVAMEN LEY 25413 S/DEB;-1.50;;32339690.73
05/01/2023;GRAVAMEN LEY 25413 S/DEB;-14.02;;32339676.71
05/01/2023;GRAVAMEN LEY 25413 S/DEB;-1.27;;32339675.44
05/01/2023;GRAVAMEN LEY 25413 S/DEB;-0.81;;32339674.63
05/01/2023;GRAVAMEN LEY 25413 S/DEB;-0.95;;32339673.68
05/01/2023;GRAVAMEN LEY 25413 S/DEB;-0.39;;32339673.29
05/01/2023;GRAVAMEN LEY 25413 S/DEB;-38.95;;32339634.34
05/01/2023;GRAVAMEN LEY 25413 S/DEB;-7.77;;32339626.57
05/01/2023;GRAVAMEN LEY 25413 S/DEB;-0.91;;32339625.66
05/01/2023;GRAVAMEN LEY 25413 S/DEB;-6.36;;32339619.30
05/01/2023;GRAVAMEN LEY 25413 S/DEB;-188.29;;32339431.01
05/01/2023;GRAVAMEN LEY 25413 S/DEB;-2.52;;32339428.49
05/01/2023;GRAVAMEN LEY 25413 S/DEB;-1.71;;32339426.78
05/01/2023;GRAVAMEN LEY 25413 S/DEB;-1.57;;32339425.21
05/01/2023;GRAVAMEN LEY 25413 S/DEB;-5.07;;32339420.14
05/01/2023;GRAVAMEN LEY 25413 S/DEB;-1.06;;32339419.08
05/01/2023;GRAVAMEN LEY 25413 S/DEB;-2.54;;32339416.54
05/01/2023;GRAVAMEN LEY 25413 S/DEB;-0.86;;32339415.68
05/01/2023;GRAVAMEN LEY 25413 S/DEB;-1.31;;32339414.37
05/01/2023;GRAVAMEN LEY 25413 S/DEB;-1346.60;;32398727.32
05/01/2023;GRAVAMEN LEY 25413 S/DEB;-1844.31;;32396883.01
05/01/2023;GRAVAMEN LEY 25413 S/DEB;-1429.03;;32395453.98
05/01/2023;GRAVAMEN LEY 25413 S/DEB;-1998.33;;32393455.65
05/01/2023;GRAVAMEN LEY 25413 S/DEB;-1939.97;;32391515.68
05/01/2023;GRAVAMEN LEY 25413 S/DEB;-3383.49;;32388132.19
05/01/2023;GRAVAMEN LEY 25413 S/DEB;-2124.69;;32386007.50
05/01/2023;GRAVAMEN LEY 25413 S/DEB;-2399.72;;32383607.78
05/01/2023;GRAVAMEN LEY 25413 S/DEB;-1592.50;;32382015.28
05/01/2023;GRAVAMEN LEY 25413 S/DEB;-2991.29;;32379023.99
05/01/2023;GRAVAMEN LEY 25413 S/DEB;-1.73;;32339412.64
05/01/2023;GRAVAMEN LEY 25413 S/DEB;-0.46;;32339412.18
05/01/2023;GRAVAMEN LEY 25413 S/DEB;-1.20;;32339410.98
05/01/2023;GRAVAMEN LEY 25413 S/DEB;-3.56;;32339407.42
05/01/2023;GRAVAMEN LEY 25413 S/DEB;-4.08;;32339403.34
05/01/2023;GRAVAMEN LEY 25413 S/CRED;-454.00;;32486334.27
05/01/2023;REG.REC.SIRCREB;-1059.32;;32485274.95
05/01/2023;GRAVAMEN LEY 25413 S/CRED;-13449.60;;32471825.35
05/01/2023;REG.REC.SIRCREB;-31382.40;;32440442.95
05/01/2023;GRAVAMEN LEY 25413 S/CRED;-180.00;;32440262.95
05/01/2023;REG.REC.SIRCREB;-420.00;;32439842.95
05/01/2023;GRAVAMEN LEY 25413 S/CRED;-122.08;;32439720.87
05/01/2023;REG.REC.SIRCREB;-284.86;;32439436.01
05/01/2023;GRAVAMEN LEY 25413 S/CRED;-112.05;;32439323.96
05/01/2023;REG.REC.SIRCREB;-261.45;;32439062.51
05/01/2023;GRAVAMEN LEY 25413 S/CRED;-362.43;;32438700.08
05/01/2023;GRAVAMEN LEY 25413 S/DEB;-2137.47;;32352882.47
05/01/2023;GRAVAMEN LEY 25413 S/DEB;-1544.66;;32351337.81
05/01/2023;GRAVAMEN LEY 25413 S/DEB;-2396.85;;32348940.96
05/01/2023;GRAVAMEN LEY 25413 S/DEB;-1633.46;;32347307.50
05/01/2023;GRAVAMEN LEY 25413 S/DEB;-2357.89;;32344949.61
05/01/2023;GRAVAMEN LEY 25413 S/CRED;-74.86;;32340549.48
05/01/2023;REG.REC.SIRCREB;-174.67;;32340374.81
05/01/2023;GRAVAMEN LEY 25413 S/CRED;-112.63;;32340262.18
05/01/2023;GRAVAMEN LEY 25413 S/DEB;-1617.65;;32343331.96
05/01/2023;GRAVAMEN LEY 25413 S/CRED;-43.50;;32343288.46
05/01/2023;REG.REC.SIRCREB;-101.49;;32343186.97
05/01/2023;GRAVAMEN LEY 25413 S/CRED;-178.97;;32343008.00
05/01/2023;REG.REC.SIRCREB;-417.60;;32342590.40
05/01/2023;GRAVAMEN LEY 25413 S/CRED;-140.40;;32342450.00
05/01/2023;REG.REC.SIRCREB;-327.60;;32342122.40
05/01/2023;GRAVAMEN LEY 25413 S/DEB;-41.40;;32342081.00
05/01/2023;GRAVAMEN LEY 25413 S/CRED;-120.06;;32341960.94
05/01/2023;REG.REC.SIRCREB;-280.14;;32341680.80
05/01/2023;GRAVAMEN LEY 25413 S/CRED;-123.24;;32341557.56
05/01/2023;REG.REC.SIRCREB;-262.81;;32339999.37
05/01/2023;GRAVAMEN LEY 25413 S/CRED;-77.63;;32339921.74
05/01/2023;REG.REC.SIRCREB;-181.15;;32339740.59
05/01/2023;GRAVAMEN LEY 25413 S/DEB;-0.29;;32339740.30
05/01/2023;GRAVAMEN LEY 25413 S/DEB;-0.40;;32339739.90
05/01/2023;GRAVAMEN LEY 25413 S/DEB;-0.29;;32339739.61
05/01/2023;GRAVAMEN LEY 25413 S/DEB;-0.29;;32339739.32
05/01/2023;GRAVAMEN LEY 25413 S/DEB;-0.29;;32339739.03
05/01/2023;GRAVAMEN LEY 25413 S/DEB;-0.29;;32339738.74
05/01/2023;GRAVAMEN LEY 25413 S/DEB;-0.29;;32339738.45
05/01/2023;GRAVAMEN LEY 25413 S/DEB;-0.46;;32339737.99
05/01/2023;REG.REC.SIRCREB;-287.56;;32341270.00
05/01/2023;GRAVAMEN LEY 25413 S/CRED;-71.40;;32341198.60
05/01/2023;REG.REC.SIRCREB;-166.60;;32341032.00
05/01/2023;GRAVAMEN LEY 25413 S/CRED;-122.30;;32340909.70
05/01/2023;REG.REC.SIRCREB;-285.36;;32340624.34
05/01/2023;GRAVAMEN LEY 25413 S/DEB;-0.46;;32339737.53
05/01/2023;GRAVAMEN LEY 25413 S/DEB;-0.46;;32339737.07
05/01/2023;GRAVAMEN LEY 25413 S/DEB;-0.46;;32339736.61
05/01/2023;GRAVAMEN LEY 25413 S/DEB;-1.97;;32339387.77
05/01/2023;GRAVAMEN LEY 25413 S/DEB;-1.68;;32339386.09
05/01/2023;GRAVAMEN LEY 25413 S/DEB;-1.73;;32339384.36
05/01/2023;GRAVAMEN LEY 25413 S/DEB;-1.00;;32339383.36
05/01/2023;GRAVAMEN LEY 25413 S/DEB;-1.71;;32339381.65
05/01/2023;GRAVAMEN LEY 25413 S/DEB;-0.29;;32339736.32
05/01/2023;GRAVAMEN LEY 25413 S/DEB;-0.29;;32339736.03
05/01/2023;GRAVAMEN LEY 25413 S/DEB;-0.29;;32339735.74
05/01/2023;GRAVAMEN LEY 25413 S/DEB;-0.29;;32339735.45
05/01/2023;GRAVAMEN LEY 25413 S/DEB;-0.29;;32339735.16
05/01/2023;GRAVAMEN LEY 25413 S/DEB;-0.29;;32339734.87
05/01/2023;GRAVAMEN LEY 25413 S/DEB;-0.29;;32339734.58
05/01/2023;GRAVAMEN LEY 25413 S/DEB;-0.29;;32339734.29
05/01/2023;GRAVAMEN LEY 25413 S/DEB;-0.29;;32339734.00
05/01/2023;GRAVAMEN LEY 25413 S/DEB;-0.29;;32339733.71
05/01/2023;TRANSF. 20332393279 BAZAN HUGO ORLANDO;-307385.15;;41266918.18
05/01/2023;TRANSF. 20314551088 IRALDI EDUARDO HORACIO;-238171.75;;41028746.43
05/01/2023;TRANSF. 20290556695 CHAZARRETA ANGEL EDGARDO;-333055.47;;40695690.96
05/01/2023;TRANSF. 20290555370 MORALES RAUL CESAR;-323328.46;;40372362.50
05/01/2023;TRANSF. 20201229538 ALBERTO CEFERINO ANGEL;-563914.98;;39808447.52
05/01/2023;TRANSF. 20323620807 BELLINI JUAN ANDRES;-354115.19;;39454332.33
05/01/2023;TRANSF. 20413571368 BOUZAS TOMAS JOSE;-399953.85;;39054378.48
05/01/2023;TRANSF. 24291821347 BEROIZA EDUARDO RENE;-265417.45;;38788961.03
05/01/2023;TRANSF. 23217171849 HEILAND NESTOR FABIAN;-498548.74;;38290412.29
05/01/2023;TRANSF. 20391560790 ORELLANO CRISTIAN EMANUEL;-366136.21;;37924276.08
05/01/2023;TRANSF. 20298981948 LAGRANGE JUAN MARTIN;-374685.73;;37549590.35
05/01/2023;TRANSF. 20185149057 GRINGO RAYMUNDO OSCAR;-481897.87;;37067692.48
05/01/2023;TRANSF. 20314550847 CARMONA CEFERINO ANDRES;-423360.06;;36644332.42
05/01/2023;TRANSF. 20310634914 PE A GUILLERMO DARIO;-302438.71;;36341893.71
05/01/2023;TRANSF. 20302581577 MOIRAGHI CEFERINO DANIEL;-518117.91;;35823775.80
05/01/2023;TRANSF. 20266309571 SCICOLONE DIEGO DAMIAN;-235130.89;;35588644.91
05/01/2023;TRANSF. 20173869682 MARQUIS JOSE GERARDO;-282341.62;;35306303.29
05/01/2023;TRANSF. 23249201669 IBA EZ CRISTIAN MAURO;-380793.99;;34925509.30
05/01/2023;TRANSF. 20340843909 RAMON LUCAS MATIAS;-344647.41;;34580861.89
05/01/2023;TRANSF. 20138999425 TRIPODI JORGE HORACIO;-291125.06;;34289736.83
05/01/2023;TRANSF. 20259291403 LEON CEFERINO FERNANDO;-356245.06;;33933491.77
05/01/2023;TRANSF. 20363027440 CARMONA CRISTIAN LEANDRO;-257443.02;;33676048.75
05/01/2023;TRANSF. 20396486548 VELO LUCAS GABRIEL;-399474.78;;33276573.97
05/01/2023;TRANSF. 23335305159 GIMENEZ RAMON CARLOS DARIO;-272243.91;;33004330.06
05/01/2023;TRANSF. 20304128497 NU EZ MAXIMILIANO CLAUDIO;-392981.86;;32611348.20
05/01/2023;TRANSF. 20364977590 VELO EZEQUIEL ALBERT;-269608.23;;32341739.97
05/01/2023;TRANSF. VAR 27243705547 SCHECHTEL/ALEJANDRA;7249.59;;32348989.56
05/01/2023;TRANSF. VAR 23169263639;29828.75;;32378818.31
05/01/2023;TRANSF. VAR 20945223376;23400.00;;32402218.31
05/01/2023;TRANSF. 20173792906 HERNANDEZ MARIO HECTOR;-6900.00;;32395318.31
05/01/2023;TRANSF. VAR 27343550842;20010.04;;32415328.35
05/01/2023;TRANSF. FAC 27930478836 AVALOS  PRIMA;20540.18;;32435868.53
05/01/2023;TRANSF. VAR 27207875134 EIRAS, CELIA MABEL;11900.00;;32447768.53
05/01/2023;COMIS.DEB.TRANSF.INTERPYM;-48.00;;32510332.87
05/01/2023;COMIS.DEB.TRANSF.INTERPYM;-48.00;;32510284.87
05/01/2023;COMIS.DEB.TRANSF.INTERPYM;-48.00;;32510236.87
05/01/2023;DEBITO DIRECTO ZURICH ASEGURADO;-1645.67;;32508591.20
05/01/2023;I.V.A. BASE;-441.42;;32508149.78
05/01/2023;GRAVAMEN LEY 25413 S/CRED;-511.26;;32507638.52
05/01/2023;REG.REC.SIRCREB;-1192.95;;32506445.57
05/01/2023;GRAVAMEN LEY 25413 S/CRED;-173.33;;32506272.24
05/01/2023;REG.REC.SIRCREB;-404.45;;32505867.79
05/01/2023;GRAVAMEN LEY 25413 S/CRED;-887.51;;32504980.28
05/01/2023;REG.REC.SIRCREB;-2070.87;;32502909.41
05/01/2023;GRAVAMEN LEY 25413 S/CRED;-81.37;;32502828.04
05/01/2023;REG.REC.SIRCREB;-189.87;;32502638.17
05/01/2023;GRAVAMEN LEY 25413 S/CRED;-107.30;;32502530.87
05/01/2023;REG.REC.SIRCREB;-250.38;;32502280.49
05/01/2023;GRAVAMEN LEY 25413 S/CRED;-1001.44;;32501279.05
05/01/2023;REG.REC.SIRCREB;-2336.69;;32498942.36
05/01/2023;GRAVAMEN LEY 25413 S/CRED;-90.95;;32498851.41
05/01/2023;REG.REC.SIRCREB;-212.21;;32498639.20
05/01/2023;GRAVAMEN LEY 25413 S/CRED;-57.60;;32498581.60
05/01/2023;REG.REC.SIRCREB;-134.40;;32498447.20
05/01/2023;GRAVAMEN LEY 25413 S/CRED;-67.75;;32498379.45
05/01/2023;REG.REC.SIRCREB;-158.09;;32498221.36
05/01/2023;GRAVAMEN LEY 25413 S/CRED;-27.60;;32498193.76
05/01/2023;REG.REC.SIRCREB;-64.40;;32498129.36
05/01/2023;GRAVAMEN LEY 25413 S/CRED;-2782.30;;32495347.06
05/01/2023;REG.REC.SIRCREB;-6492.03;;32488855.03
05/01/2023;GRAVAMEN LEY 25413 S/CRED;-555.35;;32488299.68
05/01/2023;REG.REC.SIRCREB;-1295.81;;32487003.87
05/01/2023;GRAVAMEN LEY 25413 S/CRED;-64.68;;32486939.19
05/01/2023;REG.REC.SIRCREB;-150.92;;32486788.27
04/01/2023;GRAVAMEN LEY 25413 S/DEB;-0.51;;43144347.66
04/01/2023;GRAVAMEN LEY 25413 S/DEB;-1.90;;43144345.76
04/01/2023;GRAVAMEN LEY 25413 S/DEB;-1.53;;43144344.23
04/01/2023;GRAVAMEN LEY 25413 S/DEB;-2.72;;43144341.51
04/01/2023;GRAVAMEN LEY 25413 S/DEB;-1.66;;43144339.85
04/01/2023;GRAVAMEN LEY 25413 S/DEB;-1.27;;43144338.58
04/01/2023;GRAVAMEN LEY 25413 S/DEB;-0.80;;43144337.78
04/01/2023;GRAVAMEN LEY 25413 S/DEB;-13.36;;43144324.42
04/01/2023;GRAVAMEN LEY 25413 S/DEB;-1.05;;43144323.37
04/01/2023;GRAVAMEN LEY 25413 S/DEB;-1.12;;43144322.25
04/01/2023;TRANSF. VAR 20927774195;25928.00;;42993733.05
04/01/2023;TRANSF. VAR 27949215194;18851.00;;43012584.05
04/01/2023;TRANSF. FAC 27326947240 FARIAS  CRISTINA S;60182.49;;43072766.54
04/01/2023;TRANSF. VAR 20371728717;4900.00;;43077666.54
04/01/2023;TRANSF. VAR 23936887929;14693.29;;43092359.83
04/01/2023;TRANSF. VAR 27346351441 DELGADO, GABRIELA ELIZ;11918.00;;43104277.83
04/01/2023;TRANSF. VAR 20243926905;18864.00;;43123141.83
04/01/2023;TRANSF. VAR 20149248839;10000.00;;43133141.83
04/01/2023;TRANSF. FAC 27242368296 KNASS MARIANA GRISELDA;11669.21;;43144811.04
04/01/2023;TRANSF. VAR 23943279209 SANDOVAL C  GUIDO;45818.00;;43190629.04
04/01/2023;TRANSF.INT.DIST.TITULAR  -BANE;20762.97;;43211392.01
04/01/2023;TRANSF.INT.DIST.TITULAR  -LINK;35112.85;;43246504.86
04/01/2023;DEB.PAGO SERV.           -LINK;-228.76;;43246276.10
04/01/2023;DEB.PAGO SERV.           -LINK;-2351.71;;43243924.39
04/01/2023;DEB.PAGO SERV.           -LINK;-2351.69;;43241572.70
04/01/2023;DEB.PAGO SERV.           -LINK;-2119.75;;43239452.95
04/01/2023;DEB.PAGO SERV.           -LINK;-742.80;;43238710.15
04/01/2023;GRAVAMEN LEY 25413 S/CRED;-102.07;;43238608.08
04/01/2023;REG.REC.SIRCREB;-238.17;;43238369.91
04/01/2023;GRAVAMEN LEY 25413 S/CRED;-141.73;;43238228.18
04/01/2023;REG.REC.SIRCREB;-330.69;;43237897.49
04/01/2023;GRAVAMEN LEY 25413 S/CRED;-689.60;;43237207.89
04/01/2023;REG.REC.SIRCREB;-1609.06;;43235598.83
04/01/2023;GRAVAMEN LEY 25413 S/CRED;-72.42;;43235526.41
04/01/2023;REG.REC.SIRCREB;-168.97;;43235357.44
04/01/2023;GRAVAMEN LEY 25413 S/CRED;-46.16;;43235311.28
04/01/2023;REG.REC.SIRCREB;-107.72;;43235203.56
04/01/2023;GRAVAMEN LEY 25413 S/DEB;-131.44;;43235072.12
04/01/2023;GRAVAMEN LEY 25413 S/CRED;-138.00;;43234934.12
04/01/2023;REG.REC.SIRCREB;-322.00;;43234612.12
04/01/2023;GRAVAMEN LEY 25413 S/CRED;-47.70;;43234564.42
04/01/2023;REG.REC.SIRCREB;-111.30;;43234453.12
04/01/2023;GRAVAMEN LEY 25413 S/CRED;-122.07;;43234331.05
04/01/2023;REG.REC.SIRCREB;-284.83;;43234046.22
04/01/2023;GRAVAMEN LEY 25413 S/CRED;-78.03;;43233968.19
04/01/2023;REG.REC.SIRCREB;-182.08;;43233786.11
04/01/2023;GRAVAMEN LEY 25413 S/CRED;-261.38;;43233524.73
04/01/2023;REG.REC.SIRCREB;-609.88;;43232914.85
04/01/2023;GRAVAMEN LEY 25413 S/CRED;-567.54;;43232347.31
04/01/2023;REG.REC.SIRCREB;-1324.26;;43231023.05
04/01/2023;GRAVAMEN LEY 25413 S/CRED;-643.38;;43230379.67
04/01/2023;REG.REC.SIRCREB;-1501.22;;43228878.45
04/01/2023;GRAVAMEN LEY 25413 S/CRED;-187.90;;43191804.50
04/01/2023;REG.REC.SIRCREB;-438.44;;43191366.06
04/01/2023;GRAVAMEN LEY 25413 S/CRED;-72.36;;43191293.70
04/01/2023;REG.REC.SIRCREB;-168.84;;43191124.86
04/01/2023;GRAVAMEN LEY 25413 S/CRED;-47.11;;43191077.75
04/01/2023;REG.REC.SIRCREB;-109.91;;43190967.84
04/01/2023;GRAVAMEN LEY 25413 S/CRED;-288.55;;43190679.29
04/01/2023;REG.REC.SIRCREB;-673.29;;43190006.00
04/01/2023;GRAVAMEN LEY 25413 S/CRED;-60.03;;43189945.97
04/01/2023;REG.REC.SIRCREB;-140.07;;43189805.90
04/01/2023;GRAVAMEN LEY 25413 S/CRED;-54.05;;43189751.85
04/01/2023;REG.REC.SIRCREB;-126.11;;43189625.74
04/01/2023;GRAVAMEN LEY 25413 S/CRED;-343.46;;43189282.28
04/01/2023;REG.REC.SIRCREB;-801.42;;43188480.86
04/01/2023;GRAVAMEN LEY 25413 S/CRED;-6092.18;;43182388.68
04/01/2023;REG.REC.SIRCREB;-14215.10;;43168173.58
04/01/2023;GRAVAMEN LEY 25413 S/CRED;-36.57;;43168137.01
04/01/2023;REG.REC.SIRCREB;-85.33;;43168051.68
04/01/2023;GRAVAMEN LEY 25413 S/CRED;-135.55;;43167916.13
04/01/2023;REG.REC.SIRCREB;-316.29;;43167599.84
04/01/2023;GRAVAMEN LEY 25413 S/CRED;-67.45;;43159348.98
04/01/2023;GRAVAMEN LEY 25413 S/DEB;-4.46;;43144643.87
04/01/2023;GRAVAMEN LEY 25413 S/DEB;-1.43;;43144642.44
04/01/2023;GRAVAMEN LEY 25413 S/DEB;-1.98;;43144640.46
04/01/2023;GRAVAMEN LEY 25413 S/DEB;-9.65;;43144630.81
04/01/2023;GRAVAMEN LEY 25413 S/DEB;-1.01;;43144629.80
04/01/2023;GRAVAMEN LEY 25413 S/DEB;-0.65;;43144629.15
04/01/2023;GRAVAMEN LEY 25413 S/DEB;-1.93;;43144627.22
04/01/2023;GRAVAMEN LEY 25413 S/DEB;-0.67;;43144626.55
04/01/2023;GRAVAMEN LEY 25413 S/DEB;-1.71;;43144624.84
04/01/2023;GRAVAMEN LEY 25413 S/DEB;-1.09;;43144623.75
04/01/2023;GRAVAMEN LEY 25413 S/DEB;-3.66;;43144620.09
04/01/2023;GRAVAMEN LEY 25413 S/DEB;-7.95;;43144612.14
04/01/2023;GRAVAMEN LEY 25413 S/DEB;-9.01;;43144603.13
04/01/2023;GRAVAMEN LEY 25413 S/DEB;-4.79;;43144598.34
04/01/2023;GRAVAMEN LEY 25413 S/DEB;-0.39;;43144597.95
04/01/2023;GRAVAMEN LEY 25413 S/DEB;-1.13;;43144596.82
04/01/2023;GRAVAMEN LEY 25413 S/DEB;-4.80;;43144592.02
04/01/2023;GRAVAMEN LEY 25413 S/DEB;-1.51;;43144590.51
04/01/2023;GRAVAMEN LEY 25413 S/DEB;-7.57;;43144582.94
04/01/2023;GRAVAMEN LEY 25413 S/DEB;-0.80;;43144582.14
04/01/2023;GRAVAMEN LEY 25413 S/DEB;-127.55;;43144454.59
04/01/2023;GRAVAMEN LEY 25413 S/DEB;-4.70;;43144449.89
04/01/2023;GRAVAMEN LEY 25413 S/DEB;-0.73;;43144449.16
04/01/2023;GRAVAMEN LEY 25413 S/DEB;-0.95;;43144448.21
04/01/2023;GRAVAMEN LEY 25413 S/DEB;-2.63;;43144445.58
04/01/2023;REG.REC.SIRCREB;-157.39;;43159191.59
04/01/2023;GRAVAMEN LEY 25413 S/CRED;-185.65;;43159005.94
04/01/2023;REG.REC.SIRCREB;-433.17;;43158572.77
04/01/2023;GRAVAMEN LEY 25413 S/CRED;-184.80;;43158387.97
04/01/2023;REG.REC.SIRCREB;-431.20;;43157956.77
04/01/2023;GRAVAMEN LEY 25413 S/CRED;-73.92;;43157882.85
04/01/2023;REG.REC.SIRCREB;-172.48;;43157710.37
04/01/2023;GRAVAMEN LEY 25413 S/CRED;-136.88;;43157573.49
04/01/2023;REG.REC.SIRCREB;-319.39;;43157254.10
04/01/2023;GRAVAMEN LEY 25413 S/CRED;-834.92;;43156419.18
04/01/2023;REG.REC.SIRCREB;-1948.14;;43154471.04
04/01/2023;GRAVAMEN LEY 25413 S/DEB;-1.01;;43144444.57
04/01/2023;GRAVAMEN LEY 25413 S/DEB;-0.66;;43144443.91
04/01/2023;GRAVAMEN LEY 25413 S/DEB;-4.04;;43144439.87
04/01/2023;GRAVAMEN LEY 25413 S/DEB;-0.84;;43144439.03
04/01/2023;GRAVAMEN LEY 25413 S/DEB;-0.76;;43144438.27
04/01/2023;GRAVAMEN LEY 25413 S/DEB;-4.81;;43144433.46
04/01/2023;GRAVAMEN LEY 25413 S/DEB;-85.29;;43144348.17
04/01/2023;GRAVAMEN LEY 25413 S/DEB;-0.94;;43144310.45
04/01/2023;GRAVAMEN LEY 25413 S/DEB;-2.60;;43144307.85
04/01/2023;GRAVAMEN LEY 25413 S/DEB;-2.59;;43144305.26
04/01/2023;REG.REC.SIRCREB;-174.22;;43162271.36
04/01/2023;GRAVAMEN LEY 25413 S/CRED;-79.85;;43162191.51
04/01/2023;REG.REC.SIRCREB;-186.32;;43162005.19
04/01/2023;GRAVAMEN LEY 25413 S/CRED;-23.85;;43161981.34
04/01/2023;REG.REC.SIRCREB;-55.65;;43161925.69
04/01/2023;GRAVAMEN LEY 25413 S/CRED;-59.46;;43161866.23
04/01/2023;REG.REC.SIRCREB;-138.74;;43161727.49
04/01/2023;GRAVAMEN LEY 25413 S/CRED;-36.50;;43161690.99
04/01/2023;GRAVAMEN LEY 25413 S/DEB;-1.03;;43144304.23
04/01/2023;GRAVAMEN LEY 25413 S/DEB;-1.92;;43144302.31
04/01/2023;GRAVAMEN LEY 25413 S/DEB;-11.69;;43144290.62
04/01/2023;GRAVAMEN LEY 25413 S/DEB;-1.73;;43144288.89
04/01/2023;GRAVAMEN LEY 25413 S/DEB;-3.19;;43144285.70
04/01/2023;GRAVAMEN LEY 25413 S/DEB;-2.69;;43144283.01
04/01/2023;GRAVAMEN LEY 25413 S/DEB;-2.92;;43144280.09
04/01/2023;GRAVAMEN LEY 25413 S/DEB;-2.14;;43144277.95
04/01/2023;GRAVAMEN LEY 25413 S/DEB;-1.17;;43144276.78
04/01/2023;GRAVAMEN LEY 25413 S/DEB;-3.83;;43144272.95
04/01/2023;GRAVAMEN LEY 25413 S/DEB;-2.18;;43144270.77
04/01/2023;GRAVAMEN LEY 25413 S/DEB;-1.58;;43144269.19
04/01/2023;GRAVAMEN LEY 25413 S/DEB;-5.06;;43144264.13
04/01/2023;GRAVAMEN LEY 25413 S/DEB;-0.41;;43144263.72
04/01/2023;GRAVAMEN LEY 25413 S/DEB;-1.23;;43144262.49
04/01/2023;GRAVAMEN LEY 25413 S/DEB;-1.00;;43144261.49
04/01/2023;GRAVAMEN LEY 25413 S/DEB;-1.58;;43144259.91
04/01/2023;GRAVAMEN LEY 25413 S/DEB;-0.84;;43144259.07
04/01/2023;GRAVAMEN LEY 25413 S/DEB;-0.98;;43144258.09
04/01/2023;GRAVAMEN LEY 25413 S/DEB;-3.85;;43144254.24
04/01/2023;GRAVAMEN LEY 25413 S/DEB;-1.74;;43144252.50
04/01/2023;GRAVAMEN LEY 25413 S/DEB;-2.95;;43144249.55
04/01/2023;REG.REC.SIRCREB;-85.16;;43161605.83
04/01/2023;GRAVAMEN LEY 25413 S/CRED;-342.34;;43228536.11
04/01/2023;REG.REC.SIRCREB;-798.80;;43227737.31
04/01/2023;GRAVAMEN LEY 25413 S/CRED;-27.84;;43227709.47
04/01/2023;GRAVAMEN LEY 25413 S/CRED;-107.81;;43161498.02
04/01/2023;REG.REC.SIRCREB;-251.57;;43161246.45
04/01/2023;GRAVAMEN LEY 25413 S/CRED;-112.43;;43161134.02
04/01/2023;REG.REC.SIRCREB;-262.33;;43160871.69
04/01/2023;REG.REC.SIRCREB;-64.96;;43227644.51
04/01/2023;GRAVAMEN LEY 25413 S/CRED;-80.94;;43227563.57
04/01/2023;REG.REC.SIRCREB;-188.87;;43227374.70
04/01/2023;GRAVAMEN LEY 25413 S/CRED;-342.58;;43227032.12
04/01/2023;REG.REC.SIRCREB;-799.34;;43226232.78
04/01/2023;GRAVAMEN LEY 25413 S/CRED;-107.50;;43226125.28
04/01/2023;REG.REC.SIRCREB;-250.84;;43225874.44
04/01/2023;GRAVAMEN LEY 25413 S/CRED;-541.01;;43225333.43
04/01/2023;GRAVAMEN LEY 25413 S/CRED;-293.84;;43160577.85
04/01/2023;REG.REC.SIRCREB;-685.62;;43159892.23
04/01/2023;GRAVAMEN LEY 25413 S/CRED;-142.74;;43159749.49
04/01/2023;REG.REC.SIRCREB;-333.06;;43159416.43
04/01/2023;REG.REC.SIRCREB;-1262.37;;43224071.06
04/01/2023;GRAVAMEN LEY 25413 S/CRED;-57.08;;43224013.98
04/01/2023;REG.REC.SIRCREB;-133.19;;43223880.79
04/01/2023;GRAVAMEN LEY 25413 S/CRED;-9110.70;;43214770.09
04/01/2023;REG.REC.SIRCREB;-21258.30;;43193511.79
04/01/2023;GRAVAMEN LEY 25413 S/CRED;-335.57;;43193176.22
04/01/2023;REG.REC.SIRCREB;-782.99;;43192393.23
04/01/2023;GRAVAMEN LEY 25413 S/CRED;-52.07;;43192341.16
04/01/2023;REG.REC.SIRCREB;-121.49;;43192219.67
04/01/2023;GRAVAMEN LEY 25413 S/CRED;-68.18;;43192151.49
04/01/2023;REG.REC.SIRCREB;-159.09;;43191992.40
04/01/2023;TRANSF. VAR 27940846566;32039.63;;42848088.53
04/01/2023;TRANSF. VAR 20230397962 COLQUE, LUIS ALBERTO;34723.52;;42882812.05
04/01/2023;TRANSF. VAR 20943460354;25470.00;;42908282.05
04/01/2023;TRANSF. VAR 27295087086;13884.00;;42922166.05
04/01/2023;TRANSF. VAR 27237891800;45639.00;;42967805.05
04/01/2023;GRAVAMEN LEY 25413 S/DEB;-1.51;;43144319.07
04/01/2023;GRAVAMEN LEY 25413 S/CRED;-123.38;;43154347.66
04/01/2023;REG.REC.SIRCREB;-287.90;;43154059.76
04/01/2023;GRAVAMEN LEY 25413 S/CRED;-228.00;;43153831.76
04/01/2023;REG.REC.SIRCREB;-532.00;;43153299.76
04/01/2023;GRAVAMEN LEY 25413 S/CRED;-192.24;;43153107.52
04/01/2023;REG.REC.SIRCREB;-448.55;;43152658.97
04/01/2023;GRAVAMEN LEY 25413 S/CRED;-208.34;;43152450.63
04/01/2023;REG.REC.SIRCREB;-486.13;;43151964.50
04/01/2023;GRAVAMEN LEY 25413 S/CRED;-152.82;;43151811.68
04/01/2023;REG.REC.SIRCREB;-356.58;;43151455.10
04/01/2023;GRAVAMEN LEY 25413 S/CRED;-83.30;;43151371.80
04/01/2023;REG.REC.SIRCREB;-194.38;;43151177.42
04/01/2023;GRAVAMEN LEY 25413 S/CRED;-273.83;;43150903.59
04/01/2023;REG.REC.SIRCREB;-638.95;;43150264.64
04/01/2023;GRAVAMEN LEY 25413 S/CRED;-155.57;;43150109.07
04/01/2023;REG.REC.SIRCREB;-362.99;;43149746.08
04/01/2023;GRAVAMEN LEY 25413 S/CRED;-113.11;;43149632.97
04/01/2023;REG.REC.SIRCREB;-263.91;;43149369.06
04/01/2023;GRAVAMEN LEY 25413 S/CRED;-361.09;;43149007.97
04/01/2023;REG.REC.SIRCREB;-842.55;;43148165.42
04/01/2023;GRAVAMEN LEY 25413 S/CRED;-29.40;;43148136.02
04/01/2023;REG.REC.SIRCREB;-68.60;;43148067.42
04/01/2023;GRAVAMEN LEY 25413 S/CRED;-88.16;;43147979.26
04/01/2023;REG.REC.SIRCREB;-205.71;;43147773.55
04/01/2023;GRAVAMEN LEY 25413 S/CRED;-71.51;;43147702.04
04/01/2023;REG.REC.SIRCREB;-166.85;;43147535.19
04/01/2023;GRAVAMEN LEY 25413 S/CRED;-113.18;;43147422.01
04/01/2023;REG.REC.SIRCREB;-264.10;;43147157.91
04/01/2023;GRAVAMEN LEY 25413 S/CRED;-60.00;;43147097.91
04/01/2023;REG.REC.SIRCREB;-140.00;;43146957.91
04/01/2023;GRAVAMEN LEY 25413 S/CRED;-70.02;;43146887.89
04/01/2023;REG.REC.SIRCREB;-163.37;;43146724.52
04/01/2023;GRAVAMEN LEY 25413 S/CRED;-274.91;;43146449.61
04/01/2023;REG.REC.SIRCREB;-641.45;;43145808.16
04/01/2023;GRAVAMEN LEY 25413 S/CRED;-124.58;;43145683.58
04/01/2023;REG.REC.SIRCREB;-290.68;;43145392.90
04/01/2023;GRAVAMEN LEY 25413 S/CRED;-210.68;;43145182.22
04/01/2023;REG.REC.SIRCREB;-491.58;;43144690.64
04/01/2023;GRAVAMEN LEY 25413 S/DEB;-1.37;;43144689.27
04/01/2023;GRAVAMEN LEY 25413 S/DEB;-14.11;;43144675.16
04/01/2023;GRAVAMEN LEY 25413 S/DEB;-14.11;;43144661.05
04/01/2023;GRAVAMEN LEY 25413 S/DEB;-12.72;;43144648.33
04/01/2023;GRAVAMEN LEY 25413 S/DEB;-1.57;;43144317.50
04/01/2023;GRAVAMEN LEY 25413 S/CRED;-109.57;;43167490.27
04/01/2023;REG.REC.SIRCREB;-255.65;;43167234.62
04/01/2023;GRAVAMEN LEY 25413 S/CRED;-193.93;;43167040.69
04/01/2023;REG.REC.SIRCREB;-452.50;;43166588.19
04/01/2023;GRAVAMEN LEY 25413 S/CRED;-118.71;;43166469.48
04/01/2023;REG.REC.SIRCREB;-276.99;;43166192.49
04/01/2023;GRAVAMEN LEY 25413 S/CRED;-90.63;;43166101.86
04/01/2023;REG.REC.SIRCREB;-211.47;;43165890.39
04/01/2023;GRAVAMEN LEY 25413 S/CRED;-57.00;;43165833.39
04/01/2023;REG.REC.SIRCREB;-133.00;;43165700.39
04/01/2023;GRAVAMEN LEY 25413 S/CRED;-954.04;;43164746.35
04/01/2023;REG.REC.SIRCREB;-2226.10;;43162520.25
04/01/2023;GRAVAMEN LEY 25413 S/CRED;-74.67;;43162445.58
04/01/2023;GRAVAMEN LEY 25413 S/DEB;-4.11;;43144313.39
04/01/2023;GRAVAMEN LEY 25413 S/DEB;-2.00;;43144311.39
04/01/2023;TRANSF. VAR 20954585590;17012.00;;38323187.89
04/01/2023;TRANSF. VAR 27254079060;11363.83;;40742883.01
04/01/2023;TRANSF. VAR 23169263639;31316.99;;40774200.00
04/01/2023;TRANSF. VAR 23940898749;12060.00;;40786260.00
04/01/2023;TRANSF. FAC 30708754877 PROSUR SA;25336.97;;40811596.97
04/01/2023;TRANSF. VAR 27168468828;7851.00;;40819447.97
04/01/2023;TRANSF. 30715403524 MERCADOS PATAGONICOS S.R.L;48092.12;;40867540.09
04/01/2023;TRANSF. VAR 27261218742;10005.00;;40877545.09
04/01/2023;TRANSF. VAR 20263539991;9008.00;;40886553.09
04/01/2023;TRANSF. FAC 27188961032 ABAN CASTRO TEODORA PA;78088.27;;40964641.36
04/01/2023;TRANSF. VAR 27958130770 LUSINDA APARICIO HUANC;57244.00;;41021885.36
04/01/2023;TRANSF. VAR 23176950579 LINARES EDGARDO DANIEL;1015364.00;;42037249.36
04/01/2023;TRANSF. VAR 27306492301;6095.00;;42043344.36
04/01/2023;TRANSF. VAR 27952072671;22592.40;;42065936.76
04/01/2023;TRANSF. VAR 27950168167;18261.00;;42084197.76
04/01/2023;TRANSF. VAR 23333798379;32321.13;;42116518.89
04/01/2023;TRANSF. VAR 27329726865;19785.00;;42136303.89
04/01/2023;TRANSF. VAR 23225764689;15105.00;;42151408.89
04/01/2023;TRANSF. VAR 20263505140 AIZA OSCAR HUGO;35109.00;;42186517.89
04/01/2023;TRANSF. VAR 27240713840;9500.00;;42196017.89
04/01/2023;TRANSF. VAR 27254020171 BRUNO ESQUER  MARIA;159006.82;;42355024.71
04/01/2023;TRANSF. VAR 20325783061;12444.54;;42367469.25
04/01/2023;TRANSF. VAR 20374619269;13308.65;;42380777.90
04/01/2023;TRANSF. VAR 27315918664;3974.70;;42384752.60
04/01/2023;TRANSF. VAR 27227258026;9910.08;;42394662.68
04/01/2023;TRANSF. FAC 27427094389 CARDOZO  CAMILA D;129298.00;;38452485.89
04/01/2023;TRANSF. VAR 27381747617;6083.00;;42400745.68
04/01/2023;TRANSF. VAR 27242150452;23621.00;;38476106.89
04/01/2023;TRANSF. VAR 27256645152 CARRICABURO/ANA B;114933.00;;38591039.89
04/01/2023;TRANSF. VAR 20209857074;12069.34;;38603109.23
04/01/2023;TRANSF. FAC 27942361241 APARICIO HUANCA BERTHA;7694.00;;38610803.23
04/01/2023;ABONO INTERBANKING       -SUC 0001;-21907.05;;38588896.18
04/01/2023;TRANSF. VAR 20265791221;23000.00;;38611896.18
04/01/2023;TRANSF. VAR 27302753976;7950.00;;38619846.18
04/01/2023;TRANSF. VAR 20380839483;20344.69;;38640190.87
04/01/2023;TRANSF. VAR 20313927963;13005.77;;38653196.64
04/01/2023;TRANSF. VAR 27250067602;43562.54;;38696759.18
04/01/2023;TRANSF. FAC 20190786499 GARCIA V  CARLOS;94590.15;;38791349.33
04/01/2023;TRANSF. VAR 27940147102;107230.00;;38898579.33
04/01/2023;TRANSF. VAR 27310244215;57057.00;;38955636.33
04/01/2023;TRANSF. VAR 27344037839;4640.00;;38960276.33
04/01/2023;TRANSF. FAC 20281196341;13490.74;;38973767.07
04/01/2023;TRANSF. VAR 27311734402;57096.00;;39030863.07
04/01/2023;TRANSF. VAR 27240852166;17917.00;;39048780.07
04/01/2023;TRANSF. FAC 23341076714 COLIMEDAGLIA, AGOSTINA;90169.00;;39138949.07
04/01/2023;TRANSF. VAR 20364503831;9513.90;;39148462.97
04/01/2023;DEP.EFVO.INTERS.         -SUC 3100;1518450.00;;40666912.97
04/01/2023;TRANSF. VAR 20944638319;55928.00;;40722840.97
04/01/2023;TRANSF. VAR 27107489733;8678.21;;40731519.18
04/01/2023;TRANSF. VAR 27272554043;17969.00;;42418714.68
04/01/2023;TRANSF. VAR 20315601054;18738.00;;42437452.68
04/01/2023;TRANSF. VAR 27940846566;48973.07;;42486425.75
04/01/2023;TRANSF. VAR 27190869798;23790.00;;42510215.75
04/01/2023;GRAVAMEN LEY 25413 S/DEB;-0.33;;43144321.92
04/01/2023;GRAVAMEN LEY 25413 S/DEB;-0.83;;43144321.09
04/01/2023;GRAVAMEN LEY 25413 S/DEB;-0.51;;43144320.58
04/01/2023;TRANSF. VAR 24227307850;11241.87;;42521457.62
04/01/2023;TRANSF. VAR 20954560245 MARTINEZ B  DAVID;30940.96;;42552398.58
04/01/2023;TRANSF. VAR 20045551777;30800.00;;42583198.58
04/01/2023;TRANSF. VAR 27428987182;12320.12;;42595518.70
04/01/2023;TRANSF. VAR 27214499830 ALVAREZ, ALEJANDRA;22813.38;;42618332.08
04/01/2023;TRANSF. VAR 27281195722;139152.82;;42757484.90
04/01/2023;TRANSF. VAR 23943370184;20564.00;;42778048.90
04/01/2023;TRANSF. VAR 27393552927;38000.00;;42816048.90
03/01/2023;GRAVAMEN LEY 25413 S/DEB;-1.57;;38306207.99
03/01/2023;GRAVAMEN LEY 25413 S/DEB;-4.63;;38306203.36
03/01/2023;GRAVAMEN LEY 25413 S/DEB;-2.79;;38306200.57
03/01/2023;GRAVAMEN LEY 25413 S/DEB;-0.05;;38306200.52
03/01/2023;GRAVAMEN LEY 25413 S/DEB;-8.04;;38306192.48
03/01/2023;GRAVAMEN LEY 25413 S/DEB;-1.60;;38306190.88
03/01/2023;GRAVAMEN LEY 25413 S/DEB;-1.18;;38306189.70
03/01/2023;GRAVAMEN LEY 25413 S/DEB;-6.53;;38306183.17
03/01/2023;GRAVAMEN LEY 25413 S/DEB;-4.79;;38306178.38
03/01/2023;GRAVAMEN LEY 25413 S/DEB;-2.49;;38306175.89
03/01/2023;REG.REC.SIRCREB;-237.56;;38319387.27
03/01/2023;TRANSF. VAR 27333687572 GOMEZ, CARLA ESTEFANIA;9966.00;;35706430.10
03/01/2023;REG.REC.SIRCREB;-188.76;;38366051.47
03/01/2023;GRAVAMEN LEY 25413 S/CRED;-120.00;;38365931.47
03/01/2023;REG.REC.SIRCREB;-280.00;;38365651.47
03/01/2023;GRAVAMEN LEY 25413 S/CRED;-651.26;;38365000.21
03/01/2023;REG.REC.SIRCREB;-1519.61;;38363480.60
03/01/2023;GRAVAMEN LEY 25413 S/CRED;-158.38;;38363322.22
03/01/2023;REG.REC.SIRCREB;-369.54;;38362952.68
03/01/2023;GRAVAMEN LEY 25413 S/CRED;-648.85;;38362303.83
03/01/2023;REG.REC.SIRCREB;-1513.99;;38360789.84
03/01/2023;GRAVAMEN LEY 25413 S/CRED;-130.16;;38360659.68
03/01/2023;REG.REC.SIRCREB;-303.71;;38360355.97
03/01/2023;GRAVAMEN LEY 25413 S/CRED;-59.80;;38360296.17
03/01/2023;REG.REC.SIRCREB;-139.52;;38360156.65
03/01/2023;GRAVAMEN LEY 25413 S/CRED;-8151.60;;38352005.05
03/01/2023;REG.REC.SIRCREB;-19020.40;;38332984.65
03/01/2023;GRAVAMEN LEY 25413 S/CRED;-95.64;;38332889.01
03/01/2023;REG.REC.SIRCREB;-223.16;;38332665.85
03/01/2023;GRAVAMEN LEY 25413 S/CRED;-879.19;;38331786.66
03/01/2023;REG.REC.SIRCREB;-2051.45;;38329735.21
03/01/2023;GRAVAMEN LEY 25413 S/CRED;-216.81;;38329518.40
03/01/2023;REG.REC.SIRCREB;-505.90;;38329012.50
03/01/2023;GRAVAMEN LEY 25413 S/CRED;-199.66;;38328812.84
03/01/2023;REG.REC.SIRCREB;-465.86;;38328346.98
03/01/2023;GRAVAMEN LEY 25413 S/CRED;-78.00;;38328268.98
03/01/2023;REG.REC.SIRCREB;-182.00;;38328086.98
03/01/2023;GRAVAMEN LEY 25413 S/CRED;-73.36;;38328013.62
03/01/2023;REG.REC.SIRCREB;-171.18;;38327842.44
03/01/2023;GRAVAMEN LEY 25413 S/CRED;-980.39;;38326862.05
03/01/2023;REG.REC.SIRCREB;-2287.59;;38324574.46
03/01/2023;GRAVAMEN LEY 25413 S/DEB;-1.02;;38306244.03
03/01/2023;GRAVAMEN LEY 25413 S/DEB;-2.59;;38306241.44
03/01/2023;GRAVAMEN LEY 25413 S/DEB;-1.43;;38306240.01
03/01/2023;GRAVAMEN LEY 25413 S/CRED;-169.71;;38324404.75
03/01/2023;REG.REC.SIRCREB;-396.00;;38324008.75
03/01/2023;GRAVAMEN LEY 25413 S/CRED;-186.98;;38323821.77
03/01/2023;REG.REC.SIRCREB;-436.28;;38323385.49
03/01/2023;GRAVAMEN LEY 25413 S/CRED;-73.19;;38323312.30
03/01/2023;REG.REC.SIRCREB;-170.77;;38323141.53
03/01/2023;GRAVAMEN LEY 25413 S/CRED;-184.79;;38322956.74
03/01/2023;REG.REC.SIRCREB;-431.17;;38322525.57
03/01/2023;GRAVAMEN LEY 25413 S/CRED;-102.00;;38322423.57
03/01/2023;REG.REC.SIRCREB;-238.00;;38322185.57
03/01/2023;GRAVAMEN LEY 25413 S/CRED;-363.51;;38321822.06
03/01/2023;REG.REC.SIRCREB;-848.18;;38320973.88
03/01/2023;GRAVAMEN LEY 25413 S/CRED;-64.18;;38320909.70
03/01/2023;REG.REC.SIRCREB;-149.76;;38320759.94
03/01/2023;GRAVAMEN LEY 25413 S/CRED;-156.00;;38320603.94
03/01/2023;REG.REC.SIRCREB;-364.00;;38320239.94
03/01/2023;GRAVAMEN LEY 25413 S/CRED;-153.99;;38320085.95
03/01/2023;REG.REC.SIRCREB;-359.31;;38319726.64
03/01/2023;GRAVAMEN LEY 25413 S/CRED;-101.81;;38319624.83
03/01/2023;GRAVAMEN LEY 25413 S/DEB;-5.09;;38306234.92
03/01/2023;GRAVAMEN LEY 25413 S/DEB;-0.90;;38306234.02
03/01/2023;GRAVAMEN LEY 25413 S/DEB;-2.18;;38306231.84
03/01/2023;GRAVAMEN LEY 25413 S/DEB;-2.16;;38306229.68
03/01/2023;GRAVAMEN LEY 25413 S/DEB;-1.43;;38306228.25
03/01/2023;GRAVAMEN LEY 25413 S/DEB;-1.19;;38306227.06
03/01/2023;GRAVAMEN LEY 25413 S/DEB;-1.01;;38306226.05
03/01/2023;GRAVAMEN LEY 25413 S/DEB;-4.18;;38306221.87
03/01/2023;GRAVAMEN LEY 25413 S/DEB;-1.01;;38306220.86
03/01/2023;GRAVAMEN LEY 25413 S/DEB;-3.24;;38306217.62
03/01/2023;GRAVAMEN LEY 25413 S/DEB;-1.80;;38306215.82
03/01/2023;GRAVAMEN LEY 25413 S/DEB;-3.74;;38306212.08
03/01/2023;GRAVAMEN LEY 25413 S/DEB;-2.52;;38306209.56
03/01/2023;TRANSF. VAR 27242150452;32423.00;;35377989.21
03/01/2023;TRANSF. VAR 20940074887;20217.00;;35398206.21
03/01/2023;TRANSF. VAR 27161226950;13483.00;;35411689.21
03/01/2023;TRANSF. VAR 27285294393;20000.00;;35431689.21
03/01/2023;TRANSF. 30715403524 MERCADOS PATAGONICOS S.R.L;108543.28;;35540232.49
03/01/2023;TRANSF. VAR 20265791221;26396.00;;35566628.49
03/01/2023;TRANSF. VAR 27254020171;108142.00;;35674770.49
03/01/2023;TRANSF. VAR 27928875909;21693.61;;35696464.10
03/01/2023;GRAVAMEN LEY 25413 S/CRED;-3.84;;38312794.98
03/01/2023;TRANSF. VAR 20243926905;29685.00;;38369525.67
03/01/2023;COMIS.DEB.TRANSF.INTERPYM;-77.00;;38369448.67
03/01/2023;COMIS.DEB.TRANSF.INTERPYM;-77.00;;38369371.67
03/01/2023;COMIS.DEB.TRANSF.INTERPYM;-77.00;;38369294.67
03/01/2023;COMIS.DEB.TRANSF.INTERPYM;-77.00;;38369217.67
03/01/2023;I.V.A. BASE;-64.68;;38369152.99
03/01/2023;REG.REC.SIRCREB;-8.96;;38312786.02
03/01/2023;GRAVAMEN LEY 25413 S/CRED;-574.37;;38312211.65
03/01/2023;REG.REC.SIRCREB;-1340.20;;38310871.45
03/01/2023;GRAVAMEN LEY 25413 S/CRED;-114.54;;38310756.91
03/01/2023;REG.REC.SIRCREB;-267.25;;38310489.66
03/01/2023;GRAVAMEN LEY 25413 S/CRED;-84.27;;38310405.39
03/01/2023;GRAVAMEN LEY 25413 S/CRED;-533.72;;38368619.27
03/01/2023;REG.REC.SIRCREB;-1245.34;;38367373.93
03/01/2023;GRAVAMEN LEY 25413 S/CRED;-194.54;;38367179.39
03/01/2023;REG.REC.SIRCREB;-453.92;;38366725.47
03/01/2023;GRAVAMEN LEY 25413 S/CRED;-121.30;;38366604.17
03/01/2023;REG.REC.SIRCREB;-196.62;;38310208.77
03/01/2023;GRAVAMEN LEY 25413 S/CRED;-466.34;;38309742.43
03/01/2023;REG.REC.SIRCREB;-1088.12;;38308654.31
03/01/2023;GRAVAMEN LEY 25413 S/CRED;-342.48;;38308311.83
03/01/2023;REG.REC.SIRCREB;-799.12;;38307512.71
03/01/2023;GRAVAMEN LEY 25413 S/DEB;-48.73;;38307463.98
03/01/2023;GRAVAMEN LEY 25413 S/DEB;-45.46;;38307418.52
03/01/2023;GRAVAMEN LEY 25413 S/DEB;-261.15;;38307157.37
03/01/2023;GRAVAMEN LEY 25413 S/DEB;-124.15;;38307033.22
03/01/2023;GRAVAMEN LEY 25413 S/CRED;-178.11;;38306855.11
03/01/2023;REG.REC.SIRCREB;-415.59;;38306439.52
03/01/2023;GRAVAMEN LEY 25413 S/DEB;-0.46;;38306439.06
03/01/2023;GRAVAMEN LEY 25413 S/DEB;-0.46;;38306438.60
03/01/2023;GRAVAMEN LEY 25413 S/DEB;-0.46;;38306438.14
03/01/2023;GRAVAMEN LEY 25413 S/DEB;-0.46;;38306437.68
03/01/2023;GRAVAMEN LEY 25413 S/DEB;-0.39;;38306437.29
03/01/2023;GRAVAMEN LEY 25413 S/DEB;-7.47;;38306429.82
03/01/2023;GRAVAMEN LEY 25413 S/DEB;-2.72;;38306427.10
03/01/2023;GRAVAMEN LEY 25413 S/DEB;-1.70;;38306425.40
03/01/2023;GRAVAMEN LEY 25413 S/DEB;-1.13;;38306424.27
03/01/2023;GRAVAMEN LEY 25413 S/DEB;-1.68;;38306422.59
03/01/2023;GRAVAMEN LEY 25413 S/DEB;-9.12;;38306413.47
03/01/2023;GRAVAMEN LEY 25413 S/DEB;-2.22;;38306411.25
03/01/2023;GRAVAMEN LEY 25413 S/DEB;-9.08;;38306402.17
03/01/2023;GRAVAMEN LEY 25413 S/DEB;-1.82;;38306400.35
03/01/2023;GRAVAMEN LEY 25413 S/DEB;-0.84;;38306399.51
03/01/2023;GRAVAMEN LEY 25413 S/DEB;-114.12;;38306285.39
03/01/2023;GRAVAMEN LEY 25413 S/DEB;-1.34;;38306284.05
03/01/2023;GRAVAMEN LEY 25413 S/DEB;-12.31;;38306271.74
03/01/2023;GRAVAMEN LEY 25413 S/DEB;-3.04;;38306268.70
03/01/2023;GRAVAMEN LEY 25413 S/DEB;-2.80;;38306265.90
03/01/2023;GRAVAMEN LEY 25413 S/DEB;-1.09;;38306264.81
03/01/2023;GRAVAMEN LEY 25413 S/DEB;-1.03;;38306263.78
03/01/2023;GRAVAMEN LEY 25413 S/DEB;-13.73;;38306250.05
03/01/2023;GRAVAMEN LEY 25413 S/DEB;-2.38;;38306247.67
03/01/2023;REG.REC.SIRCREB;-283.04;;38366321.13
03/01/2023;GRAVAMEN LEY 25413 S/DEB;-2.62;;38306245.05
03/01/2023;GRAVAMEN LEY 25413 S/CRED;-80.90;;38366240.23
03/01/2023;DEP.EFVO.INTERS.         -SUC 3100;1358600.00;;37065030.10
03/01/2023;TRANSF. VAR 23138239144;15939.89;;37080969.99
03/01/2023;TRANSF. FAC 27335783595 HUARACHI JUANA GRACIEL;146531.93;;37227501.92
03/01/2023;GRAVAMEN LEY 25413 S/CRED;-85.24;;38319302.03
03/01/2023;REG.REC.SIRCREB;-198.90;;38319103.13
03/01/2023;GRAVAMEN LEY 25413 S/CRED;-71.89;;38319031.24
03/01/2023;REG.REC.SIRCREB;-167.75;;38318863.49
03/01/2023;GRAVAMEN LEY 25413 S/CRED;-298.48;;38318565.01
03/01/2023;REG.REC.SIRCREB;-696.44;;38317868.57
03/01/2023;GRAVAMEN LEY 25413 S/CRED;-72.00;;38317796.57
03/01/2023;REG.REC.SIRCREB;-168.00;;38317628.57
03/01/2023;GRAVAMEN LEY 25413 S/CRED;-231.40;;38317397.17
03/01/2023;REG.REC.SIRCREB;-539.94;;38316857.23
03/01/2023;GRAVAMEN LEY 25413 S/CRED;-128.24;;38316728.99
03/01/2023;REG.REC.SIRCREB;-299.23;;38316429.76
03/01/2023;GRAVAMEN LEY 25413 S/CRED;-266.80;;38316162.96
03/01/2023;TRANSF. VAR 27252249953;36135.52;;37263637.44
03/01/2023;REG.REC.SIRCREB;-622.52;;38315540.44
03/01/2023;GRAVAMEN LEY 25413 S/CRED;-180.00;;38315360.44
03/01/2023;REG.REC.SIRCREB;-420.00;;38314940.44
03/01/2023;GRAVAMEN LEY 25413 S/CRED;-112.48;;38314827.96
03/01/2023;REG.REC.SIRCREB;-262.46;;38314565.50
03/01/2023;GRAVAMEN LEY 25413 S/CRED;-330.73;;38314234.77
03/01/2023;REG.REC.SIRCREB;-771.69;;38313463.08
03/01/2023;GRAVAMEN LEY 25413 S/CRED;-199.28;;38313263.80
03/01/2023;REG.REC.SIRCREB;-464.98;;38312798.82
03/01/2023;TRANSF. VAR 20340513720;33276.00;;37296913.44
03/01/2023;TRANSF. FAC 23243612349 OCHOA ADOLFO RAUL;59730.73;;37356644.17
03/01/2023;TRANSF. VAR 20291324607;13000.00;;37369644.17
03/01/2023;TRANSF. VAR 20275169634;12227.00;;37381871.17
03/01/2023;TRANSF. VAR 27427094389;163399.13;;37545270.30
03/01/2023;TRANSF. VAR 23169263639;28285.36;;37573555.66
03/01/2023;TRANSF. VAR 27943087291;31162.72;;37604718.38
03/01/2023;TRANSF. VAR 27268224500;12198.00;;37616916.38
03/01/2023;TRANSF. VAR 23315441269;30798.00;;37647714.38
03/01/2023;TRANSF. VAR 27237891800;17000.00;;37664714.38
03/01/2023;TRANSF. VAR 30714752223;60584.51;;37725298.89
03/01/2023;TRANSF. VAR 20279147724;10697.00;;37735995.89
03/01/2023;TRANSF. VAR 27960629707;26000.00;;37761995.89
03/01/2023;TRANSF. VAR 27393552927;25665.00;;37787660.89
03/01/2023;TRANSF. VAR 27439488277;16968.60;;37804629.49
03/01/2023;TRANSF. VAR 27333765395;14207.42;;37818836.91
03/01/2023;TRANSF. VAR 27340494224;11982.00;;37830818.91
03/01/2023;TRANSF. FAC 27315918664 LEPORI, CINTIA ANAHI;49746.05;;37880564.96
03/01/2023;TRANSF. VAR 27252249953;12000.00;;37892564.96
03/01/2023;TRANSF. VAR 23943370184;38566.84;;37931131.80
03/01/2023;TRANSF. FAC 20263505140 AIZA OSCAR HUGO;21398.00;;37952529.80
03/01/2023;TRANSF. VAR 27343550842;21373.29;;37973903.09
03/01/2023;TRANSF. VAR 20940661499;44465.99;;38018369.08
03/01/2023;TRANSF. VAR 20922904783;30000.00;;38048369.08
03/01/2023;TRANSF. VAR 27284146269 CHOROLQUE  ANDREA C;18746.96;;38067116.04
03/01/2023;TRANSF. VAR 27396468293;55120.86;;38122236.90
03/01/2023;TRANSF. VAR 20356009062 CABEZAS JORGE LUIS;33213.08;;38155449.98
03/01/2023;TRANSF. VAR 20311425820;640.00;;38156089.98
03/01/2023;TRANSF. VAR 27228661169 VAZQUEZ, ROSSANA CARIN;95728.37;;38251818.35
03/01/2023;TRANSF. FAC 27930478836 AVALOS  PRIMA;19089.31;;38270907.66
03/01/2023;TRANSF. VAR 20278299164 WEINGARTNER, DARIO OSC;14044.37;;38284952.03
03/01/2023;TRANSF. VAR 20259482713;77723.00;;38362675.03
03/01/2023;TRANSF. VAR 30714623547;57079.81;;38419754.84
03/01/2023;TRANSF. 30545238787 CAVIGLIA Y TELLARINI SA;-8121.75;;38411633.09
03/01/2023;TRANSF. 27376626127 CAMPITELLI CORREA  SHIRLI MAR;-7576.20;;38404056.89
03/01/2023;TRANSF. 23124825229 HORACIO RAFAEL,LEONE;-43525.22;;38360531.67
03/01/2023;TRANSF. 20286776915 BUENOPIL RICARDO CEFERINO;-20691.00;;38339840.67
03/01/2023;TRANSF. 30717832325 BARRANQUERO SAS;88953.00;;35345566.21
02/01/2023;GRAVAMEN LEY 25413 S/CRED;-57.70;;35360804.49
02/01/2023;REG.REC.SIRCREB;-134.63;;35360669.86
02/01/2023;GRAVAMEN LEY 25413 S/CRED;-88.12;;35360581.74
02/01/2023;REG.REC.SIRCREB;-205.60;;35360376.14
02/01/2023;GRAVAMEN LEY 25413 S/CRED;-99.45;;35360276.69
02/01/2023;REG.REC.SIRCREB;-232.05;;35360044.64
02/01/2023;GRAVAMEN LEY 25413 S/CRED;-132.74;;35359911.90
02/01/2023;REG.REC.SIRCREB;-309.74;;35359602.16
02/01/2023;GRAVAMEN LEY 25413 S/CRED;-63.00;;35359539.16
02/01/2023;REG.REC.SIRCREB;-147.01;;35359392.15
02/01/2023;GRAVAMEN LEY 25413 S/CRED;-540.48;;35358851.67
02/01/2023;REG.REC.SIRCREB;-1261.12;;35357590.55
02/01/2023;GRAVAMEN LEY 25413 S/CRED;-30.00;;35357560.55
02/01/2023;REG.REC.SIRCREB;-70.00;;35357490.55
02/01/2023;GRAVAMEN LEY 25413 S/CRED;-46.98;;35357443.57
02/01/2023;REG.REC.SIRCREB;-109.62;;35357333.95
02/01/2023;GRAVAMEN LEY 25413 S/CRED;-60.00;;35357273.95
02/01/2023;REG.REC.SIRCREB;-140.00;;35357133.95
02/01/2023;GRAVAMEN LEY 25413 S/CRED;-110.15;;35357023.80
02/01/2023;REG.REC.SIRCREB;-257.03;;35356766.77
02/01/2023;GRAVAMEN LEY 25413 S/CRED;-433.42;;35356333.35
02/01/2023;REG.REC.SIRCREB;-1011.31;;35355322.04
02/01/2023;GRAVAMEN LEY 25413 S/CRED;-57.04;;35355265.00
02/01/2023;REG.REC.SIRCREB;-133.08;;35355131.92
02/01/2023;GRAVAMEN LEY 25413 S/CRED;-284.03;;35354847.89
02/01/2023;REG.REC.SIRCREB;-662.75;;35354185.14
02/01/2023;GRAVAMEN LEY 25413 S/CRED;-240.00;;35353945.14
02/01/2023;REG.REC.SIRCREB;-560.00;;35353385.14
02/01/2023;GRAVAMEN LEY 25413 S/CRED;-46.22;;35353338.92
02/01/2023;REG.REC.SIRCREB;-107.84;;35353231.08
02/01/2023;GRAVAMEN LEY 25413 S/CRED;-135.34;;35353095.74
02/01/2023;REG.REC.SIRCREB;-315.80;;35352779.94
02/01/2023;GRAVAMEN LEY 25413 S/CRED;-16827.96;;35335951.98
02/01/2023;REG.REC.SIRCREB;-39265.24;;35296686.74
02/01/2023;GRAVAMEN LEY 25413 S/CRED;-647.64;;35296039.10
02/01/2023;REG.REC.SIRCREB;-1511.16;;35294527.94
02/01/2023;GRAVAMEN LEY 25413 S/CRED;-914.40;;35293613.54
02/01/2023;REG.REC.SIRCREB;-2133.60;;35291479.94
02/01/2023;GRAVAMEN LEY 25413 S/CRED;-228.63;;35291251.31
02/01/2023;REG.REC.SIRCREB;-533.46;;35290717.85
02/01/2023;REG.REC.SIRCREB;-221.66;;35280183.91
02/01/2023;GRAVAMEN LEY 25413 S/CRED;-196.86;;35279987.05
02/01/2023;REG.REC.SIRCREB;-459.33;;35279527.72
02/01/2023;GRAVAMEN LEY 25413 S/DEB;-1.43;;35256735.54
02/01/2023;GRAVAMEN LEY 25413 S/DEB;-2.48;;35256733.06
02/01/2023;GRAVAMEN LEY 25413 S/DEB;-4.20;;35256728.86
02/01/2023;GRAVAMEN LEY 25413 S/DEB;-0.33;;35256728.53
02/01/2023;GRAVAMEN LEY 25413 S/DEB;-1.48;;35256727.05
02/01/2023;GRAVAMEN LEY 25413 S/CRED;-181.81;;35279345.91
02/01/2023;REG.REC.SIRCREB;-424.23;;35278921.68
02/01/2023;GRAVAMEN LEY 25413 S/CRED;-237.01;;35278684.67
02/01/2023;REG.REC.SIRCREB;-553.03;;35278131.64
02/01/2023;GRAVAMEN LEY 25413 S/DEB;-2.14;;35256724.91
02/01/2023;GRAVAMEN LEY 25413 S/DEB;-1.20;;35256723.71
02/01/2023;GRAVAMEN LEY 25413 S/DEB;-1.67;;35256722.04
02/01/2023;GRAVAMEN LEY 25413 S/DEB;-1.97;;35256720.07
02/01/2023;GRAVAMEN LEY 25413 S/DEB;-0.87;;35256719.20
02/01/2023;GRAVAMEN LEY 25413 S/CRED;-175.91;;35277955.73
02/01/2023;REG.REC.SIRCREB;-410.47;;35277545.26
02/01/2023;GRAVAMEN LEY 25413 S/CRED;-3000.00;;35274545.26
02/01/2023;REG.REC.SIRCREB;-7000.00;;35267545.26
02/01/2023;GRAVAMEN LEY 25413 S/DEB;-0.46;;35267544.80
02/01/2023;GRAVAMEN LEY 25413 S/DEB;-0.29;;35267544.51
02/01/2023;GRAVAMEN LEY 25413 S/CRED;-3070.31;;35264474.20
02/01/2023;REG.REC.SIRCREB;-7164.06;;35257310.14
02/01/2023;GRAVAMEN LEY 25413 S/DEB;-0.02;;35257310.12
02/01/2023;GRAVAMEN LEY 25413 S/DEB;-0.16;;35257309.96
02/01/2023;GRAVAMEN LEY 25413 S/DEB;-3.43;;35257306.53
02/01/2023;GRAVAMEN LEY 25413 S/DEB;-3.20;;35257303.33
02/01/2023;GRAVAMEN LEY 25413 S/DEB;-1.68;;35257301.65
02/01/2023;GRAVAMEN LEY 25413 S/DEB;-1.02;;35257300.63
02/01/2023;GRAVAMEN LEY 25413 S/DEB;-252.00;;35257048.63
02/01/2023;GRAVAMEN LEY 25413 S/DEB;-2.18;;35257046.45
02/01/2023;GRAVAMEN LEY 25413 S/DEB;-2.14;;35257044.31
02/01/2023;GRAVAMEN LEY 25413 S/DEB;-1.13;;35257043.18
02/01/2023;GRAVAMEN LEY 25413 S/DEB;-0.81;;35257042.37
02/01/2023;GRAVAMEN LEY 25413 S/DEB;-1.23;;35257041.14
02/01/2023;GRAVAMEN LEY 25413 S/DEB;-1.39;;35257039.75
02/01/2023;GRAVAMEN LEY 25413 S/DEB;-1.86;;35257037.89
02/01/2023;GRAVAMEN LEY 25413 S/DEB;-0.88;;35257037.01
02/01/2023;GRAVAMEN LEY 25413 S/DEB;-7.57;;35257029.44
02/01/2023;GRAVAMEN LEY 25413 S/DEB;-0.42;;35257029.02
02/01/2023;GRAVAMEN LEY 25413 S/DEB;-0.66;;35257028.36
02/01/2023;GRAVAMEN LEY 25413 S/DEB;-0.84;;35257027.52
02/01/2023;GRAVAMEN LEY 25413 S/DEB;-1.54;;35257025.98
02/01/2023;GRAVAMEN LEY 25413 S/DEB;-6.07;;35257019.91
02/01/2023;GRAVAMEN LEY 25413 S/DEB;-0.80;;35257019.11
02/01/2023;GRAVAMEN LEY 25413 S/DEB;-3.98;;35257015.13
02/01/2023;GRAVAMEN LEY 25413 S/DEB;-3.36;;35257011.77
02/01/2023;GRAVAMEN LEY 25413 S/DEB;-0.65;;35257011.12
02/01/2023;GRAVAMEN LEY 25413 S/DEB;-2.01;;35256717.19
02/01/2023;GRAVAMEN LEY 25413 S/DEB;-2.45;;35256714.74
02/01/2023;GRAVAMEN LEY 25413 S/DEB;-1.89;;35257009.23
02/01/2023;GRAVAMEN LEY 25413 S/DEB;-235.59;;35256773.64
02/01/2023;GRAVAMEN LEY 25413 S/DEB;-4.13;;35256710.61
02/01/2023;GRAVAMEN LEY 25413 S/DEB;-1.33;;35256709.28
02/01/2023;GRAVAMEN LEY 25413 S/DEB;-2.76;;35256706.52
02/01/2023;GRAVAMEN LEY 25413 S/DEB;-2.55;;35256703.97
02/01/2023;GRAVAMEN LEY 25413 S/DEB;-3.32;;35256700.65
02/01/2023;GRAVAMEN LEY 25413 S/DEB;-2.46;;35256698.19
02/01/2023;GRAVAMEN LEY 25413 S/DEB;-42.00;;35256656.19
02/01/2023;GRAVAMEN LEY 25413 S/DEB;-42.98;;35256613.21
02/01/2023;GRAVAMEN LEY 25413 S/CRED;-80.98;;35361051.15
02/01/2023;REG.REC.SIRCREB;-188.96;;35360862.19
02/01/2023;TRANSF. VAR 20180845977;22124.00;;30434690.08
02/01/2023;TRANSF. VAR 27227480594;10500.73;;30445190.81
02/01/2023;TRANSF. VAR 27335374849;90080.00;;30535270.81
02/01/2023;TRANSF. VAR 27424482736;5000.00;;30540270.81
02/01/2023;TRANSF. VAR 27146673037;7830.00;;30548100.81
02/01/2023;TRANSF. VAR 20263246501;10000.00;;30558100.81
02/01/2023;TRANSF. VAR 27272554043;18359.00;;30576459.81
02/01/2023;TRANSF. FAC 23169263639 KETTE JUAN CARLOS;72236.39;;30648696.20
02/01/2023;TRANSF. VAR 27930473494;9506.00;;30658202.20
02/01/2023;TRANSF. 30715403524 MERCADOS PATAGONICOS S.R.L;47339.14;;30705541.34
02/01/2023;TRANSF. VAR 27285294393;40000.00;;30745541.34
02/01/2023;TRANSF. FAC 20281196341;7702.78;;30753244.12
02/01/2023;TRANSF. VAR 30714752223;22557.38;;30775801.50
02/01/2023;DEP.EFVO.INTERS.         -SUC 3100;2804660.00;;33580461.50
02/01/2023;TRANSF. VAR 20329546218;107940.00;;33688401.50
02/01/2023;TRANSF. VAR 27335374849;152400.00;;33840801.50
02/01/2023;TRANSF. VAR 20190786499;38104.60;;33878906.10
02/01/2023;TRANSF. FAC 27188961032 ABAN CASTRO TEODORA PA;94129.14;;33973035.24
02/01/2023;TRANSF. VAR 27284146269 CHOROLQUE  ANDREA C;21402.86;;33994438.10
02/01/2023;TRANSF. 30715403524 MERCADOS PATAGONICOS S.R.L;70892.55;;34065330.65
02/01/2023;TRANSF. VAR 27381747617;5209.00;;34070539.65
02/01/2023;TRANSF. VAR 27261218742;10300.00;;34080839.65
02/01/2023;TRANSF. VAR 27272554043;25160.00;;34105999.65
02/01/2023;TRANSF. VAR 20928443362;5000.00;;34110999.65
02/01/2023;REG.REC.SIRCREB;-70.00;;35287958.55
02/01/2023;GRAVAMEN LEY 25413 S/CRED;-102.12;;35287856.43
02/01/2023;REG.REC.SIRCREB;-238.28;;35287618.15
02/01/2023;GRAVAMEN LEY 25413 S/CRED;-177.39;;35287440.76
02/01/2023;REG.REC.SIRCREB;-413.92;;35287026.84
02/01/2023;GRAVAMEN LEY 25413 S/CRED;-300.16;;35286726.68
02/01/2023;GRAVAMEN LEY 25413 S/DEB;-9.07;;35256764.57
02/01/2023;GRAVAMEN LEY 25413 S/DEB;-12.80;;35256751.77
02/01/2023;GRAVAMEN LEY 25413 S/DEB;-3.20;;35256748.57
02/01/2023;GRAVAMEN LEY 25413 S/DEB;-1.80;;35256746.77
02/01/2023;GRAVAMEN LEY 25413 S/DEB;-5.96;;35256740.81
02/01/2023;GRAVAMEN LEY 25413 S/DEB;-0.44;;35256740.37
02/01/2023;REG.REC.SIRCREB;-700.38;;35286026.30
02/01/2023;GRAVAMEN LEY 25413 S/CRED;-23.86;;35286002.44
02/01/2023;REG.REC.SIRCREB;-55.66;;35285946.78
02/01/2023;GRAVAMEN LEY 25413 S/DEB;-0.87;;35256739.50
02/01/2023;GRAVAMEN LEY 25413 S/CRED;-105.84;;35285840.94
02/01/2023;REG.REC.SIRCREB;-246.96;;35285593.98
02/01/2023;GRAVAMEN LEY 25413 S/DEB;-2.11;;35256737.39
02/01/2023;GRAVAMEN LEY 25413 S/CRED;-152.83;;35285441.15
02/01/2023;REG.REC.SIRCREB;-356.61;;35285084.54
02/01/2023;GRAVAMEN LEY 25413 S/CRED;-85.60;;35284998.94
02/01/2023;REG.REC.SIRCREB;-199.72;;35284799.22
02/01/2023;GRAVAMEN LEY 25413 S/CRED;-119.18;;35284680.04
02/01/2023;REG.REC.SIRCREB;-278.08;;35284401.96
02/01/2023;GRAVAMEN LEY 25413 S/CRED;-140.53;;35284261.43
02/01/2023;REG.REC.SIRCREB;-327.91;;35283933.52
02/01/2023;GRAVAMEN LEY 25413 S/CRED;-61.88;;35283871.64
02/01/2023;REG.REC.SIRCREB;-144.38;;35283727.26
02/01/2023;GRAVAMEN LEY 25413 S/DEB;-95.01;;35283632.25
02/01/2023;GRAVAMEN LEY 25413 S/DEB;-689.10;;35282943.15
02/01/2023;GRAVAMEN LEY 25413 S/DEB;-396.71;;35282546.44
02/01/2023;GRAVAMEN LEY 25413 S/CRED;-143.62;;35282402.82
02/01/2023;REG.REC.SIRCREB;-335.11;;35282067.71
02/01/2023;GRAVAMEN LEY 25413 S/CRED;-175.08;;35281892.63
02/01/2023;REG.REC.SIRCREB;-408.52;;35281484.11
02/01/2023;GRAVAMEN LEY 25413 S/CRED;-295.06;;35281189.05
02/01/2023;REG.REC.SIRCREB;-688.48;;35280500.57
02/01/2023;GRAVAMEN LEY 25413 S/CRED;-95.00;;35280405.57
02/01/2023;GRAVAMEN LEY 25413 S/DEB;-0.42;;35256736.97
02/01/2023;TRANSF. FAC 27941558602 MOYA JAQUELIN CAROLA;40883.19;;27236608.53
02/01/2023;TRANSF. VAR 23169263639;17020.00;;34128019.65
02/01/2023;TRANSF. VAR 24227307850;29565.72;;34157585.37
02/01/2023;TRANSF. VAR 27335783595;50027.00;;34207612.37
02/01/2023;TRANSF. VAR 20187060622;3976.00;;34211588.37
02/01/2023;TRANSF. VAR 27242725854;17640.00;;34229228.37
02/01/2023;TRANSF. VAR 27343550842;25472.30;;34254700.67
02/01/2023;TRANSF. VAR 27949215194;14266.00;;34268966.67
02/01/2023;TRANSF. VAR 27958130770 LUSINDA APARICIO HUANC;19863.00;;34288829.67
02/01/2023;TRANSF. VAR 20937674539 ORTEGA RAMIREZ VICTOR;23422.00;;34312251.67
02/01/2023;TRANSF. VAR 27350080851;10313.00;;34322564.67
02/01/2023;TRANSF. 30639010569 Municipalidad de Viedma;-15834.28;;34306730.39
02/01/2023;TRANSF. 30672897277 SAO COMB SA;-114850.07;;34191880.32
02/01/2023;TRANSF. 30540973152 HECTOR VOLPI SOCIEDAD ANONIMA;-66119.02;;34125761.30
02/01/2023;TRANSF. VAR 20230397962 COLQUE, LUIS ALBERTO;23936.31;;34149697.61
02/01/2023;TRANSF. VAR 23943370184;29180.00;;34178877.61
02/01/2023;TRANSF. VAR 20950862875;49177.47;;34228055.08
02/01/2023;TRANSF. VAR 20219189770;15833.00;;34243888.08
02/01/2023;TRANSF. FAC 27326947240 FARIAS  CRISTINA S;32809.37;;34276697.45
02/01/2023;TRANSF. VAR 20265791221;30302.00;;34306999.45
02/01/2023;TRANSF. FAC 20243257442 VILCA CARRASCO VICTORI;36998.78;;34343998.23
02/01/2023;TRANSF. VAR 20419697592 GARCIA, MATIAS EZEQUIE;39502.00;;34383500.23
02/01/2023;TRANSF. VAR 20209857074;29319.00;;34412819.23
02/01/2023;TRANSF.INT.DIST.TITULAR  -LINK;500000.00;;34912819.23
02/01/2023;COMIS.DEB.TRANSF.INTERPYM;-77.00;;34912742.23
02/01/2023;COMIS.DEB.TRANSF.INTERPYM;-48.00;;34912694.23
02/01/2023;CAM.FED.DIST.PZA. O/BCOS.;511718.31;;35424412.54
02/01/2023;COM ECH CANJE O/BANCOS;-4.00;;35424408.54
02/01/2023;I.V.A. BASE;-27.09;;35424381.45
02/01/2023;GRAVAMEN LEY 25413 S/CRED;-245.30;;35424136.15
02/01/2023;REG.REC.SIRCREB;-572.36;;35423563.79
02/01/2023;GRAVAMEN LEY 25413 S/CRED;-228.49;;35423335.30
02/01/2023;REG.REC.SIRCREB;-533.13;;35422802.17
02/01/2023;GRAVAMEN LEY 25413 S/CRED;-120.00;;35422682.17
02/01/2023;REG.REC.SIRCREB;-280.00;;35422402.17
02/01/2023;GRAVAMEN LEY 25413 S/CRED;-72.72;;35422329.45
02/01/2023;REG.REC.SIRCREB;-169.68;;35422159.77
02/01/2023;GRAVAMEN LEY 25413 S/CRED;-18000.00;;35404159.77
02/01/2023;REG.REC.SIRCREB;-42000.00;;35362159.77
02/01/2023;GRAVAMEN LEY 25413 S/CRED;-155.43;;35362004.34
02/01/2023;REG.REC.SIRCREB;-362.67;;35361641.67
02/01/2023;GRAVAMEN LEY 25413 S/CRED;-152.86;;35361488.81
02/01/2023;REG.REC.SIRCREB;-356.68;;35361132.13
02/01/2023;TRANSF. VAR 27949215194;38081.00;;27274689.53
02/01/2023;GRAVAMEN LEY 25413 S/CRED;-128.42;;35290589.43
02/01/2023;REG.REC.SIRCREB;-299.64;;35290289.79
02/01/2023;GRAVAMEN LEY 25413 S/CRED;-425.36;;35289864.43
02/01/2023;REG.REC.SIRCREB;-992.50;;35288871.93
02/01/2023;GRAVAMEN LEY 25413 S/CRED;-31.25;;35288840.68
02/01/2023;REG.REC.SIRCREB;-72.93;;35288767.75
02/01/2023;GRAVAMEN LEY 25413 S/CRED;-61.80;;35288705.95
02/01/2023;REG.REC.SIRCREB;-144.20;;35288561.75
02/01/2023;GRAVAMEN LEY 25413 S/CRED;-150.96;;35288410.79
02/01/2023;REG.REC.SIRCREB;-352.24;;35288058.55
02/01/2023;GRAVAMEN LEY 25413 S/CRED;-30.00;;35288028.55
02/01/2023;TRANSF. VAR 20265791221;20000.00;;27294689.53
02/01/2023;TRANSF. VAR 20323853607;12120.00;;27306809.53
02/01/2023;TRANSF. VAR 30707927131;3000000.00;;30306809.53
02/01/2023;TRANSF. VAR 27242725854;25905.00;;30332714.53
02/01/2023;TRANSF. VAR 27228661827;25477.00;;30358191.53
02/01/2023;TRANSF. VAR 20446282094;13497.00;;30371688.53
02/01/2023;TRANSF. VAR 27403242778;9616.69;;30381305.22
02/01/2023;TRANSF. VAR 27300742063;14686.00;;30395991.22
02/01/2023;TRANSF. FAC 27315918664 LEPORI, CINTIA ANAHI;16574.86;;30412566.08
